1832 3294
86 232 158 276 IV·
196 228 367 276 22-23·
551 248 739 280 memma
768 248 1032 281 onArioms.
1346 227 1441 274 239

87 370 268 431 appellat
288 369 393 414 duos
414 370 587 431 abyssos
607 386 833 432 aquarum,
872 386 1051 431 quorum
1080 370 1186 415 alter
1212 376 1276 414 est
1300 385 1440 430 supra,

86 451 189 495 alter
225 451 329 495 infra
366 451 525 508 coelos,
575 466 680 511 quos
716 451 850 496 David
887 452 942 495 ait
979 452 1087 496 inter
1129 467 1173 496 se
1216 451 1441 495 inclamare

86 531 255 576 vocibus
291 538 639 589 catarractarum,
677 532 755 575 hoc
786 538 874 589 est,
913 532 1162 576 foraminum
1191 532 1441 590 coelestium,

84 627 178 673 quae
216 627 345 672 aquas
383 611 434 656 ad
469 618 624 656 terram
662 612 700 655 in
730 611 883 656 diluvio
912 613 1071 657 Noachi
1097 613 1441 669 transmiserunt3

84 708 178 754 quae
226 692 461 751 significant
504 691 788 752 patriarchas,
836 693 1095 752 prophetas,
1144 694 1355 754 apostolos
1403 700 1446 738 et

86 774 416 835 praedicatores,
464 773 533 833 qui
571 788 699 833 aquas
735 773 928 817 coelestes
966 780 1120 818 sanctae
1157 774 1356 818 doctrinae
1402 775 1443 818 in

83 862 239 901 terram
258 855 428 899 mittunt
448 853 498 897 ad
520 852 721 898 delendos
742 854 884 898 hostes
903 854 1008 913 Dei,
1040 854 1066 897 i.
1088 869 1125 898 e.
1148 855 1442 914 perversitates

84 942 127 981 et
161 935 289 993 vitia,
338 935 548 995 cordaque
586 935 800 978 hominum
844 943 959 979 recte
1003 935 1264 979 credentium
1308 936 1444 995 pluvia

84 1016 275 1061 salutaris
305 1015 502 1060 doctrinae
530 1015 737 1073 roranda,
774 1022 949 1076 tumque
977 1031 1023 1059 re
1053 1031 1147 1060 vera
1176 1016 1264 1076 ipsa
1292 1016 1444 1060 veritas

83 1097 166 1142 visa
203 1103 299 1154 est,
345 1096 372 1141 i.
412 1111 450 1141 e.
487 1096 576 1157 ipse
611 1098 729 1141 Deus
767 1097 877 1141 inter
912 1096 1135 1141 animantia
1172 1096 1441 1155 moralitatis,

84 1194 213 1240 quum
251 1178 315 1222 lex
353 1183 471 1222 vetus
509 1177 604 1221 olim
641 1178 904 1239 promulgata
941 1178 1018 1223 fuit
1053 1193 1075 1222 a
1112 1177 1299 1237 patribus
1336 1177 1441 1235 illis,

83 1260 152 1321 qui
191 1265 286 1303 ante
315 1258 387 1302 filii
415 1259 495 1303 Dei
524 1258 586 1302 his
615 1259 655 1303 in
681 1258 804 1303 terris
834 1259 1088 1303 nativitatem
1115 1259 1286 1303 fuerunt
1311 1258 1443 1303 instar

82 1355 285 1402 aquarum
314 1339 477 1384 coelitus
507 1339 806 1398 defluentium,
845 1355 937 1400 quae
975 1340 1084 1384 inter
1118 1340 1334 1399 homines,
1373 1340 1444 1401 qui

83 1421 304 1466 animantia
340 1420 569 1464 honestatis
607 1420 792 1465 studiosa
829 1436 923 1465 esse
970 1419 1176 1465 deberent
1219 1421 1257 1465 in
1302 1426 1443 1465 sancta

85 1502 284 1561 ecclesia,
322 1501 517 1561 prolatae,
555 1501 844 1546 consentiente
881 1516 985 1545 nova
1013 1502 1105 1559 lege
1133 1501 1307 1562 pulchre
1335 1517 1442 1561 pro-

84 1583 280 1642 mulgatae
310 1588 351 1626 et
380 1581 567 1626 doctrina
588 1582 822 1641 evangelica
843 1581 1184 1643 argumentisque
1205 1582 1441 1642 apostolicis

84 1679 162 1723 per
206 1678 323 1707 novae
367 1661 469 1721 legis
513 1662 807 1722 praedicatores
853 1664 1083 1723 explanatae
1129 1669 1241 1707 sunt.
1327 1664 1445 1707 Tunc

85 1744 295 1804 perlectus
333 1749 505 1802 apparet
533 1743 602 1803 qui
632 1743 745 1802 leges
775 1743 996 1788 intercedit
1021 1758 1274 1801 consensus,
1313 1759 1443 1804 quum

86 1824 357 1885 proferuntur
390 1823 576 1867 vaticinia
605 1829 843 1868 sanctorum
874 1830 1039 1884 patrum
1069 1823 1120 1868 de
1151 1824 1443 1883 conceptione,

44 1949 48 1954 ,
84 1905 319 1963 nativitate,
340 1903 657 1964 praedicatione,
679 1905 864 1948 cruciatu
885 1910 928 1948 et
945 1910 1107 1962 morte,
1131 1904 1442 1948 resurrectione

85 1992 127 2030 et
153 1985 427 2029 adscensione
450 1985 619 2029 Domini
648 1986 805 2043 nostri,
844 1984 895 2029 de
926 1984 1045 2029 donis
1077 1984 1254 2044 Spiritus
1276 1985 1441 2044 Sancti,

86 2065 137 2110 de
158 2072 346 2110 extremo
361 2064 518 2124 judicio
539 2073 581 2110 et
600 2065 679 2110 vita
699 2072 869 2123 aeterna,
899 2065 1052 2126 quibus
1072 2071 1299 2109 occurrunt
1316 2064 1443 2109 testi-

83 2146 221 2190 monia
251 2161 367 2190 novae
395 2146 521 2205 legis,
559 2146 647 2190 haec
676 2147 812 2190 omnia
841 2147 928 2190 sere
955 2146 1151 2190 miracula
1175 2145 1260 2205 jam
1289 2152 1441 2190 eventu

86 2242 178 2271 esse
217 2227 515 2287 comprobata,
555 2242 734 2287 quorum
771 2242 865 2288 quae
894 2227 1079 2271 nondum
1109 2232 1207 2271 sunt
1232 2226 1441 2287 perfecta,

86 2307 173 2351 sine
210 2306 338 2352 dubio
374 2314 463 2352 rata
501 2314 640 2353 erunt.

184 2417 263 2464 23.
349 2421 553 2465 EP1MONE
593 2416 834 2484 (s’msstovij)
880 2425 946 2465 est
990 2419 1159 2479 figura,
1205 2434 1287 2480 qua
1332 2418 1443 2464 idern

85 2499 260 2545 verbum
297 2501 447 2560 saepius
482 2516 566 2545 una
603 2500 689 2545 vice
726 2500 917 2561 ponitur,
955 2507 1026 2545 aut
1059 2516 1110 2545 eo
1146 2500 1342 2559 consilio,
1378 2505 1440 2558 ut,

86 2596 178 2641 quae
221 2581 579 2641 pronuntientur,
626 2597 676 2626 eo
725 2581 998 2626 indubitatius
1042 2580 1202 2642 possint
1244 2580 1441 2640 intelligi,

87 2746 254 2786 ejusdem
293 2749 475 2781 dictionis
512 2750 596 2782 sine
633 2750 839 2783 intervallo
878 2749 1081 2792 yeminatio
1121 2754 1200 2791 est,
1239 2748 1442 2780 secundum

87 2808 323 2852 Diomedem,
358 2815 399 2843 ue
429 2810 530 2854 Virq.
556 2811 644 2844 AEn.
673 2811 716 2851 9,
743 2811 851 2844 428:
885 2810 927 2853 4,
957 2810 1041 2843 660
1067 2810 1209 2851 (Fabri
1236 2810 1335 2842 'I'lzes
1353 2809 1384 2850 j.
