1832 3294
4 1467 9 1502 l

5 2155 10 2191 ἱ

4 2203 6 2213 ,

97 225 168 269 Ν.
205 222 377 268 21-22·
586 242 776 275 Fleuum:
803 243 1064 276 onA'rioms.
1356 225 1450 272 237

160 363 267 407 mala
304 363 561 408 consvetudo
598 364 696 409 satis
733 380 926 423 magnam
962 365 1098 410 adfert
1132 366 1448 424 necessitatem,

158 444 386 489 necessitas
422 445 599 490 animam
636 445 674 488 in
713 453 890 489 mortem
928 446 1068 503 ducit,

156 541 270 570 mors
308 541 476 570 omnem
512 532 700 570 naturam
739 526 861 569 animi

158 607 409 667 corrumpit,
447 606 569 650 animi
606 621 700 650 curn
737 606 887 650 acerba
925 622 1048 651 noxa.

188 718 266 764 22.
338 720 588 764 Oniorimsis
610 715 891 782 (ὁιιιόφασις)
922 734 1012 763 rem
1044 718 1265 763 obscuram
1297 721 1371 765 alia
1402 736 1447 765 re

89 816 208 862 aeque
246 800 425 846 obscura
462 805 532 843 aut
568 798 812 843 obscuriore
850 799 1065 859 explanat,
1104 807 1151 844 ut
1188 801 1266 845 hoe
1296 802 1411 846 loco:

285 882 440 926 Beatus
478 880 705 940 imperator
740 895 916 924 camerae
955 880 1131 938 lunaris,

284 961 356 1023 qui
390 961 502 1005 hunc
537 960 576 1004 in
614 960 818 1005 mundum
855 961 990 1005 editus
1028 969 1121 1013 est,

284 1048 534 1102 conspectus
572 1048 636 1086 est
671 1040 723 1086 ab
760 1041 1000 1087 hominibus

282 1123 390 1167 inter
426 1123 645 1167 animantia
682 1122 939 1167 moralitatis.

281 1204 361 1249 Vel
398 1203 566 1265 quando
605 1205 794 1264 gurgites
831 1206 1016 1265 aequorei

281 1300 357 1345 per
392 1286 472 1329 alta
510 1285 665 1330 vocalia
701 1286 903 1330 foramina

279 1366 502 1411 altisonum
538 1382 791 1411 consensum
828 1365 1061 1425 significant

282 1447 387 1491 arcis
423 1447 578 1491 lunaris
615 1446 869 1507 gurgitibus.

80 1529 161 1574 Hic
206 1526 330 1572 verba
367 1528 613 1573 Abbacuchi
658 1528 906 1588 prophetae,
961 1526 1112 1588 quibus
1159 1527 1256 1574 dicit
1296 1532 1439 1576 Deum

80 1609 310 1655 Dominum
358 1608 601 1669 apparuisse
636 1608 746 1652 inter
780 1608 1003 1653 animantia
1039 1610 1283 1655 moralitatis
1320 1620 1362 1656 et
1397 1613 1437 1657 in

80 1691 190 1735 hunc
233 1690 435 1735 mundum
483 1689 680 1744 venisse,
733 1688 773 1733 in
818 1689 945 1749 priori
988 1691 1170 1750 strophae
1206 1692 1438 1752 quadrante

78 1771 214 1832 posita
259 1777 386 1828 sunt,
441 1769 579 1814 addita
623 1769 999 1830 interpretatione,
1054 1787 1135 1832 qua
1169 1772 1302 1816 David
1341 1774 1438 1819 dicit

78 1851 273 1913 abyssum
302 1866 504 1912 aquarum
535 1851 660 1895 alium
689 1850 884 1911 abyssum
912 1851 1135 1896 inclamare
1155 1868 1231 1913 per
1249 1853 1435 1899 coelestia

9 1954 10 1980 1
77 1933 144 1977 illa
170 1931 395 1990 foramina,
433 1946 527 1992 quae
552 1938 792 1976 catarractae
812 1932 1020 1992 dicuntur,
1059 1948 1238 1994 quaeque
1258 1934 1434 1979 reclusae

77 2020 188 2072 sunt,
226 2028 357 2074 quum
385 2012 581 2056 diluvium
609 2012 768 2057 Noachi
794 2019 929 2057 totum
958 2013 1161 2058 mundum
1189 2013 1433 2074 submersit,

76 2093 258 2154 exceptis
284 2092 522 2138 hominibus
547 2093 588 2137 in
609 2108 703 2138 area
721 2094 998 2139 versantibus.
1071 2095 1178 2148 Quae
1198 2095 1433 2141 obscuritas

75 2181 121 2220 ut
138 2174 310 2234 intelligi
330 2174 476 2234 possit,
504 2174 764 2234 Augustinus
785 2173 896 2235 dicit,
923 2174 1162 2236 praevidisse
1181 2176 1433 2236 prophetam

5 2259 7 2292 Ι
74 2255 161 2300 fore
196 2263 244 2300 ut
278 2254 382 2299 deus
419 2254 736 2313 incarnaretur,
774 2271 958 2316 eumque
994 2255 1126 2300 visum
1162 2256 1289 2301 fuisse
1326 2257 1433 2302 inter

10 2366 11 2397 ss
75 2334 156 2380 duo
177 2335 392 2393 animalia,
429 2335 582 2380 hovem
603 2341 644 2379 et
664 2335 851 2395 asinum,
889 2337 958 2397 qui
976 2336 1147 2382 Judaeos
1167 2343 1210 2381 et
1227 2338 1429 2382 Ethnicos

73 2415 330 2475 significant,
367 2415 477 2459 inter
510 2417 687 2476 Moysen
724 2422 766 2460 et
800 2417 965 2462 Heliam
993 2417 1033 2461 in
1062 2418 1429 2462 transformatione

6 2515 8 2525 ν
70 2495 239 2540 Domini
274 2495 405 2540 nostri
440 2496 481 2540 in
517 2503 691 2556 monte,
747 2504 790 2542 et
825 2497 935 2543 inter
970 2497 1076 2543 duos
1111 2499 1295 2543 latrones
1333 2514 1428 2543 cum

70 2574 160 2636 ipso
205 2576 456 2635 crucifixos,
508 2583 551 2621 et
595 2576 778 2639 denique
823 2579 932 2624 inter
976 2579 1078 2624 duas
1122 2579 1269 2638 leges;
1324 2594 1426 2640 quas

71 2654 172 2700 duas
208 2656 359 2717 leges,
405 2663 592 2702 veterem
630 2674 898 2721 novamque,
944 2676 1050 2721 papa
1084 2662 1173 2707 Leo
1208 2660 1425 2721 Eloquens
