1832 3294
61 216 137 262 111.
180 215 253 262 16-
521 236 711 272 mamm:
738 239 1004 274 onA'rioNJs,
1328 226 1419 274 163

59 356 142 400 Hic
186 355 300 400 navis
346 358 580 418 appellatur
613 376 745 403 URSUS
788 377 931 405 mnus.
1002 363 1068 407 ΑΒ
1105 380 1328 411 ιΝΑΝιΜΑιι
1366 384 1420 411 ΑΙ)

61 452 309 480 1NAN1MALE
355 437 402 482 fit
436 439 716 499 Metaphora7
770 447 817 485 ut
862 457 991 501 quum
1036 445 1149 490 navis
1187 448 1420 507 appellatur

61 517 272 577 xylosolea
309 518 434 563 maris
473 525 545 564 aut
574 519 813 579 fluminum,
852 521 1013 580 gladius
1043 539 1141 569 vcro
1170 527 1318 572 culcita
1347 534 1420 573 aut

61 597 212 642 semita
247 598 382 644 cotis:

392 679 622 725 Tramitem
657 679 757 725 mihi
793 680 943 726 cotisa.

59 759 126 804 ΑΒ
161 775 391 803 [ΝΑΝΙΜΑΜ
428 776 482 803 AD
516 776 706 804 ANIMALE
748 761 796 805 fit
830 762 1104 822 Metaphora‚
1143 765 1260 810 verbi
1294 784 1419 815 causa

60 855 192 900 quum
228 840 379 884 semina
415 841 651 901 appellatur
684 840 845 886 destina
875 849 948 887 aut
974 849 1197 891 transenna
1233 848 1322 892 auri
1349 855 1421 893 aut

60 935 203 964 rerum
251 921 531 980 pretiosarum
577 928 649 967 aut
694 922 921 982 similium,
975 929 1024 968 ut
1067 926 1215 971 cecinit
1261 929 1418 975 Ormus

0 1040 1 1051 ἢ
62 1000 314 1046 Steinthoris
352 1002 494 1047 filius:

324 1083 503 1128 Destina
540 1083 644 1128 ossis
681 1083 868 1144 aequorei
903 1084 1090 1130 vestibus

325 1163 444 1208 valde
481 1163 594 1224 puris
630 1163 774 1209 induta
809 1164 902 1209 suit.

6 1290 7 1295 ,
60 1243 139 1289 His
167 1243 310 1304 figuris
330 1259 476 1289 omnes
498 1244 858 1290 denominationes
879 1245 1047 1306 poe'sios
1067 1249 1419 1307 septemtrionalis

62 1325 304 1385 compositae
349 1331 478 1385 sunt,
534 1332 683 1386 estque
727 1326 815 1370 haec
851 1326 984 1385 figura
1020 1342 1137 1388 paene
1174 1329 1421 1392 principium

63 1404 253 1450 dictionis
291 1406 481 1466 poeticae.
552 1406 802 1465 Metaphora
837 1406 1049 1452 interdum
1082 1409 1296 1469 reciproca
1333 1419 1420 1471 est,

62 1485 274 1531 interdum
310 1501 409 1531 non.
481 1488 589 1531 Tum
615 1487 863 1546 Metaphora
900 1494 965 1532 est
999 1488 1237 1550 reciproca,
1274 1491 1308 1535 si
1334 1507 1420 1551 reS‚

0 1578 2 1617 ξ
63 1567 173 1612 inter
198 1583 303 1628 quas
333 1566 558 1611 similitudo
586 1567 725 1611 locum
751 1566 895 1623 habet,
931 1567 1076 1612 reduci
1106 1568 1215 1614 inter
1240 1585 1286 1614 se
1316 1587 1423 1631 pos-

10 1684 11 1698 ,
64 1655 175 1708 sunt,
213 1648 328 1693 verbi
354 1663 495 1706 causa,
530 1663 657 1708 quum
688 1663 803 1691 mare
834 1649 1067 1708 appellatur
1092 1665 1229 1693 TERRA
1256 1651 1423 1696 navium

65 1735 136 1774 aut
153 1729 328 1789 piscium
357 1734 429 1773 aut
447 1729 692 1788 regulorum
712 1728 1032 1788 maritimorum,
1067 1729 1424 1789 quemadmodum

11 1832 13 1868 l
65 1809 322 1855 Thiodolvus
359 1809 540 1854 cecinit:

394 1890 670 1950 Principalem
705 1889 978 1950 progeniem,

395 1971 467 2017 ubi
504 1971 593 2015 auri
629 1970 835 2015 sationem

396 2052 437 2096 in
471 2051 685 2111 Fj'orneris

398 2131 612 2177 montibus
650 2132 852 2178 exercuit.

72 2221 184 2259 terra
204 2230 304 2259 vero
323 2213 557 2274 appellatur
575 2230 693 2256 MARE
714 2213 968 2272 animalium,
1005 2220 1052 2259 ut
1069 2216 1236 2260 Marcus
1257 2216 1427 2260 cecinit:

335 2294 476 2340 Cervis
513 2294 708 2338 tritorum
743 2293 929 2338 maclidis
966 2309 1184 2355 aequorum

332 2375 526 2435 princeps
563 2389 609 2418 se
644 2374 758 2418 novit
793 2374 1014 2434 optimum.

73 2455 153 2499 Hic
187 2463 299 2499 terra
335 2462 508 2500 vocatur
543 2470 749 2512 AEouom,
786 2453 828 2497 in
858 2454 1064 2513 superiori
1092 2459 1234 2498 autem
1260 2455 1432 2515 stropha

75 2550 189 2580 mare
226 2535 515 2596 appellabatur
550 2551 720 2579 MONTES
757 2534 893 2593 reguli
928 2533 1122 2578 maritimi
1152 2533 1430 2592 (Fjorneris).

169 2732 210 2774 a)
245 2732 398 2764 Historia
433 2732 620 2773 ignoratur.
671 2733 757 2763 Puto
796 2741 936 2763 sensum
977 2740 1076 2763 esse:
1116 2727 1315 2771 (princeps)
1353 2726 1435 2759 mihi

79 2792 230 2834 gladium
258 2792 404 2825 donavit.

1110 2857 1174 2889 11*
