1832 3294
30 226 63 269 1.
102 224 145 269 7.
212 247 215 252 v
517 238 578 270 m:
615 237 901 270 AnPuAnEro.
1321 215 1385 262 39

29 380 155 411 mone
184 364 240 408 ita
269 363 355 407 sola
384 361 577 418 occurrit,
615 368 661 405 ut
690 377 771 405 non
790 376 1022 406 consonans
1042 361 1178 422 aliqua
1199 360 1384 405 vocalem

30 461 58 493 e
92 447 132 490 in
167 444 315 489 eadem
348 440 503 504 syllaba
538 443 772 487 antecedat.
860 444 956 487 Huc
1001 443 1184 503 pertinet
1219 441 1384 486 Titulus

31 528 176 586 (nota,
214 522 517 581 abbreviatio),
556 523 626 584 qui
662 540 789 585 quum
827 524 992 584 propria
1020 531 1169 568 natura
1199 522 1383 568 indolem

3 662 4 665 Ἰ
30 610 159 654 literae
186 612 371 667 respuat,
406 611 547 649 tamen
576 604 628 649 ad
656 605 872 665 scriptura}
901 605 1158 650 celeritatem
1179 612 1221 650 et
1240 605 1384 651 brevi-

0 692 5 751 s
29 697 160 735 tatem
195 703 270 749 pro
307 686 477 731 diversis
514 685 642 730 literis
665 720 677 744 ,
724 701 834 730 nunc
867 701 983 745 una,
1020 702 1131 731 nunc
1165 687 1381 747 pluribus,

0 753 1 781 ¹
29 769 212 832 ponitur.
281 767 490 828 Equidem
535 767 650 810 illum
670 826 674 832 ἱ
695 767 923 827 saepissime
969 767 1148 812 adhibeo
1195 784 1270 828 pro
1314 783 1381 827 m,

0 827 237 914 {interdum
282 865 357 910 pro
404 863 468 908 n,
524 855 594 892 aut
639 864 713 908 pro
749 847 905 908 syllaba
942 862 1001 893 er
1037 864 1164 908 eum,
1210 849 1279 909 qui
1315 850 1383 893 tali

0 923 4 1004 ᾗ
29 933 165 992 figura
193 938 257 976 est
282 927 363 990 (7).
434 931 573 984 Quam
599 929 639 972 in
665 926 754 973 r‘em
782 928 894 974 aliud
924 930 1140 974 consilium
1168 946 1251 974 non
1271 931 1381 987 novi,

0 1013 2 1034 ³
29 1029 154 1076 quam
183 1013 262 1057 hoc
289 1019 439 1057 tenue:
476 1011 654 1072 quisque
690 1011 856 1055 titulum
892 1011 1148 1072 compendiis
1176 1011 1381 1057 scribendi

0 1133 4 1149 ,
29 1094 241 1152 adhibeat,
278 1093 417 1154 prouti
438 1092 703 1137 commodum
724 1099 766 1137 et
784 1093 998 1138 intellectu
1020 1093 1137 1138 sacile
1157 1092 1380 1139 videbitur.

0 1199 4 1238 g
30 1179 227 1222 Attamen
257 1175 400 1220 titulus
431 1175 611 1235 aliquam
640 1174 834 1234 nominis,
873 1175 984 1236 quod
1006 1176 1043 1220 ei
1063 1182 1143 1234 est,
1180 1175 1383 1220 rationem

3 1251 4 1254 Ἴ
30 1258 178 1313 adfert,
210 1256 288 1301 etsi
307 1256 412 1301 ratio
431 1255 607 1301 nominis
629 1255 717 1316 ejus
739 1271 820 1300 non
841 1256 1006 1315 eodem,
1043 1273 1126 1318 quo
1146 1263 1381 1302 ceterarum

0 1336 4 1385 J}
28 1340 258 1397 literarum,
293 1337 418 1382 modo
437 1337 555 1382 reddi
575 1337 721 1398 possit.
799 1335 956 1384 Titan
982 1338 1131 1383 dicitur
1154 1339 1232 1398 sol,
1268 1338 1381 1383 unde

0 1435 2 1444 ³
31 1419 246 1465 descendit
263 1419 303 1463 in
323 1434 517 1464 sermone
536 1420 660 1463 latino
680 1435 832 1464 nomen
852 1419 1154 1480 diminutivum,
1179 1436 1380 1478 TITULUS,

0 1515 4 1533 ⁷
30 1502 101 1564 qui
118 1501 239 1546 nobis
260 1501 408 1545 dicitur
427 1499 583 1560 titull,
622 1501 739 1562 quasi
758 1501 819 1546 sol
839 1517 1011 1562 parvus3
1048 1517 1142 1546 nam
1170 1501 1380 1563 quemad—

0 1584 4 1630 ἢ
30 1582 202 1628 modum
222 1583 283 1627 sol
304 1582 393 1627 loca
413 1581 590 1627 obscura
610 1583 840 1641 collustrat,
873 1583 931 1627 sic
953 1583 1095 1628 titulus
1115 1583 1379 1644 praescriptus

0 1674 4 1701 Δ
30 1664 206 1723 librum,
243 1663 547 1724 suprascriptus
576 1663 824 1708 vocabulum
851 1664 1043 1708 illustrat.

3 1736 4 1739 ¹
128 1745 335 1803 Literam,
372 1759 497 1806 quam
533 1744 722 1806 plerique
750 1751 896 1790 vocant
918 1744 1079 1805 eru,
1119 1746 1212 1790 idco
1240 1746 1379 1806 potius

0 1831 4 1879 1
33 1824 114 1872 tlte
144 1826 194 1884 (i.
215 1841 253 1871 e.
278 1826 368 1885 pe)
398 1825 686 1886 appellandam
713 1842 898 1886 censeo,
936 1827 1049 1888 quod
1076 1835 1164 1872 tum
1194 1835 1378 1888 potestas

0 1924 4 1970 g
31 1908 121 1969 ejus
140 1908 178 1952 in
199 1907 308 1953 omni
328 1922 521 1952 sermone
541 1906 821 1952 continebitur
839 1924 885 1952 ea
907 1915 1025 1969 parte
1044 1910 1236 1969 nominis,
1270 1925 1378 1970 quae,

0 1974 4 2011 l
32 1990 171 2036 demta
199 1989 352 2048 vocali,
389 1988 555 2034 residua
591 1989 667 2046 fit3
714 1989 766 2034 ad
801 1989 913 2050 quod
949 1992 1160 2051 exemplar
1195 1992 1380 2036 omnium

0 2050 348 2140 [consonantium
391 2070 556 2115 nomina
603 2070 948 2130 adcommodati,
1003 2072 1062 2117 uti
1107 2073 1146 2117 in
1181 2073 1379 2134 principio

4 2179 5 2191 κ
31 2151 331 2198 dissertationis
352 2167 496 2196 earum
514 2152 755 2212 significavi.
801 2153 854 2213 J),
881 2153 932 2198 de
953 2169 1035 2215 quo
1055 2153 1149 2199 ideo
1168 2155 1378 2215 posterius

0 2245 5 2285 Α
33 2233 232 2289 disserui,
269 2233 383 2294 quod
416 2233 637 2278 novissime
673 2234 725 2278 sit
759 2234 799 2278 in
836 2234 1102 2294 alphabetum
1137 2242 1378 2296 receptum,

0 2323 5 2370 ᾗ
34 2315 232 2376 priorem,
269 2330 394 2376 quam
413 2314 590 2373 Titulus,
627 2315 765 2359 locum
792 2315 999 2376 alphabeti
1026 2316 1216 2362 obtinere
1236 2317 1379 2363 debet.

4 2394 5 2432 l
33 2395 134 2441 Ideo
166 2411 264 2441 vero
293 2396 344 2441 de
372 2396 513 2441 Titulo
540 2396 654 2457 prius
690 2397 854 2441 locutus
891 2413 1007 2457 sum,
1045 2398 1158 2459 quod
1192 2399 1306 2460 prior
1339 2399 1378 2443 in

4 2493 5 2521 i
35 2475 255 2537 alphabeto
293 2484 406 2535 erat,
444 2493 524 2538 qua
559 2494 605 2522 re
642 2478 681 2522 in
711 2479 1010 2523 commentario
1045 2495 1142 2524 eum
1175 2480 1378 2525 adsociavi

4 2576 6 2626 ,³
35 2557 108 2616 iis,
144 2574 260 2619 quae,
298 2559 352 2603 illi
380 2559 548 2618 similes,
586 2561 751 2620 propria
780 2567 988 2621 potestate
1015 2568 1172 2607 carent.
1243 2563 1377 2619 Figu-

33 2653 123 2682 ram
150 2639 347 2684 initialem
375 2640 558 2701 literaefi
584 2657 790 2702 nusquam
819 2641 971 2700 scribe,
1010 2643 1084 2686 nisi
1111 2643 1149 2686 in
1180 2643 1377 2704 principio

34 2719 218 2780 periodi:
254 2736 349 2765 nam
377 2723 454 2767 etsi
482 2724 665 2768 vocalem
692 2723 730 2767 in
759 2723 952 2782 (eadem)
981 2724 1134 2785 syllaba
1164 2731 1375 2784 sequatur,

0 2791 6 2862 l
38 2805 176 2845 tamen
211 2800 300 2860 ejus
337 2809 519 2862 potestas
557 2804 793 2864 amplificari
826 2820 906 2849 non
940 2809 1091 2864 potest.
