1878 3309
61 205 93 248 1,
132 202 176 247 5.
561 219 619 249 1»ss
646 216 943 249 Amumsse'ro.
1351 194 1412 241 25

0 394 2 402 k
66 348 224 401 nostro,
256 357 398 387 errare
417 356 484 385 me
504 341 652 398 fateor,
673 338 786 401 quod
805 355 828 384 a
847 355 914 384 mc
934 340 1113 384 alienum
1133 353 1226 383 esse
1245 336 1413 382 minime

0 443 1 450 ¹
65 424 281 483 existimo,
318 430 364 468 ut
398 429 439 468 ct
474 422 507 466 si
543 422 582 465 in
611 436 711 465 voce
740 422 920 465 humana
955 421 1094 481 plures
1131 419 1413 465 distinctiones

67 506 338 551 invenientur·
411 502 495 548 Sed
523 502 628 547 scire
656 502 756 546 utile
785 509 871 560 est,
911 502 968 546 uti
996 517 1120 562 supra
1150 498 1202 564 (ἕ
1220 499 1250 546 2
1277 500 1414 558 initio)

0 577 3 594 ²
65 587 326 645 monuimus,
364 582 476 645 quod
505 583 655 644 cuique
683 582 811 627 vocali
838 582 877 626 in
906 582 1129 643 alphabeto
1157 598 1310 627 nomen
1339 582 1415 640 sit,

2 692 4 733 3
67 669 215 714 eodem
242 682 345 712 sono
365 666 496 726 ipsam
514 665 699 709 vocalem
719 664 757 707 in
778 663 965 724 qualibet
984 663 1122 724 lingua
1143 664 1416 725 pronuntiari,

67 750 144 795 nisi
163 747 345 810 quando,
374 746 563 808 deposita
581 745 719 791 indole
738 760 827 803 sua,
857 744 995 804 potius
1015 759 1263 804 consonans,
1293 760 1418 807 quam

68 830 235 889 vocalis,
272 828 469 890 appellari
495 834 698 873 meretur.
769 825 897 882 Quod
922 825 990 885 fit,
1027 825 1194 887 quando
1221 842 1315 871 cum
1343 827 1419 872 alia

69 911 198 957 vocali
215 909 494 970 conjungitur,
515 909 632 970 cujus
652 908 809 969 aliquot
827 907 1016 968 exempla
1037 907 1102 952 hic
1115 907 1201 966 jam
1220 908 1420 953 adferen-

4 1011 5 1040 ι
70 1001 169 1038 tur:
214 998 366 1038 austr
397 991 608 1050 (oriens),
644 992 776 1036 edrn
804 989 1032 1048 (serrum),
1070 996 1148 1035 eir
1176 989 1300 1049 (aes),
1337 996 1422 1034 την

4 1072 6 1082 ’
72 1073 242 1133 (uber),
279 1080 424 1134 eyrir
444 1073 625 1132 (uncia),
661 1074 749 1119 vin
770 1070 972 1130 (vinum).
1043 1069 1128 1116 Sed
1155 1071 1245 1115 fieri
1266 1077 1421 1132 potest,

71 1162 119 1200 ut
153 1154 252 1200 mihi
286 1154 490 1216 quispiam
526 1160 738 1215 opponat:
800 1169 852 1198 en
894 1151 1174 1212 vocabulum,
1218 1153 1335 1213 cujus
1378 1158 1423 1197 tu

72 1237 257 1282 vocalem
277 1251 353 1297 per
371 1251 398 1282 e
418 1236 638 1297 exprimis,
668 1251 744 1297 pro
764 1250 844 1297 qua
864 1234 1028 1295 plurimi
1049 1234 1239 1279 homines
1258 1241 1278 1279 i
1294 1250 1424 1279 usur-

72 1323 196 1380 pant,
233 1316 399 1379 quando
428 1332 504 1378 pro
533 1322 790 1362 consonante
819 1315 1011 1377 ponitur:
1057 1315 1252 1361 nimirum
1280 1332 1425 1360 vocem

73 1399 212 1461 paullo
232 1407 326 1445 ante
340 1398 520 1444 adlatam
533 1397 663 1444 ea'rn
683 1397 844 1456 scribis,
865 1397 1052 1458 quoloco
1065 1395 1183 1443 z‘a'rn
1197 1397 1424 1458 scripturus

6 1479 8 1518 Ξ
75 1496 238 1539 esse1n3
267 1486 393 1541 atque
413 1480 472 1525 sic
490 1480 628 1525 multis
648 1480 748 1525 locis
768 1479 870 1524 aliis.
938 1479 1048 1524 Huic
1067 1495 1147 1539 ego
1167 1478 1224 1523 sic
1241 1494 1426 1539 respon-

76 1561 188 1607 deo:
241 1567 355 1607 recte
391 1561 470 1606 hoc
506 1560 675 1622 quidem
711 1559 1066 1619 animadvertisti,
1111 1575 1250 1621 neque
1287 1566 1427 1605 tamen

7 1642 9 1656 l
77 1644 214 1690 omnia
250 1643 444 1703 tetigisti,
481 1658 574 1703 quae
609 1641 683 1687 tihi
719 1642 828 1686 sorte
862 1641 972 1686 visus
1001 1642 1077 1686 sim
1106 1642 1273 1686 insolito
1302 1642 1428 1686 modo

8 1717 9 1788 J
77 1724 312 1785 scripsisse,
349 1739 479 1785 quum
513 1730 651 1769 tamen
686 1722 809 1768 certis
840 1722 1034 1767 inductus
1060 1723 1292 1768 rationibus
1319 1724 1429 1769 hunc

78 1805 284 1852 scribendi
304 1805 475 1851 modum
493 1804 681 1866 plurimis
702 1804 803 1849 locis
822 1810 992 1849 secutus
1012 1803 1177 1849 fuerim.
1249 1804 1377 1859 Quod
1396 1806 1430 1850 si

77 1887 201 1933 alium
213 1893 437 1933 tractatum
452 1885 777 1944 conscriberem,
797 1884 839 1930 id
857 1885 969 1947 quod
991 1892 1033 1930 et
1051 1900 1305 1947 magnopere
1324 1902 1430 1947 opus

77 1975 206 2028 esset,
226 1975 269 2014 et
288 1969 447 2028 largam
457 1966 666 2013 scribendi
680 1967 897 2013 materiam
908 1967 1118 2028 praeberet
1130 1967 1276 2013 harum
1288 1983 1431 2012 rerum

77 2051 227 2112 perito,
247 2050 626 2108 demonstraturus,
646 2064 837 2110 quaenam
855 2048 985 2093 literae
1005 2048 1154 2110 cuique
1175 2049 1262 2094 voci
1282 2055 1429 2094 natura

77 2137 335 2192 congruant,
372 2138 443 2177 aut
477 2146 561 2193 qua
588 2131 751 2175 ratione
786 2145 965 2192 quaeque
994 2130 1124 2175 literae
1152 2145 1228 2191 per
1254 2129 1431 2191 syllabas

80 2212 381 2273 conjungenda>
401 2217 556 2272 essent,
590 2218 678 2257 tum
696 2211 729 2257 is
751 2210 857 2256 liber
875 2217 918 2256 et
936 2218 1185 2271 argumento
1205 2218 1247 2257 et
1266 2212 1433 2272 magni-

81 2294 225 2340 tudine
261 2309 283 2338 a
311 2292 506 2354 praesenti
534 2308 662 2354 opere
697 2293 875 2337 multum
903 2292 1105 2338 differret.
1177 2295 1314 2348 Quam
1344 2309 1433 2338 rem

12 2377 14 2386 ¹
79 2375 156 2421 etsi
182 2382 326 2421 nostro
352 2381 601 2435 argumento
629 2374 903 2419 intermisceri
921 2391 1004 2420 non
1023 2375 1254 2433 conveniat,
1291 2382 1430 2419 tamen

78 2456 131 2502 de
157 2473 241 2502 uno
270 2456 340 2502 illo
360 2455 577 2515 vocabulo,
614 2455 728 2518 quod
753 2456 986 2517 praesertim
1015 2456 1255 2515 designasti,
1292 2456 1433 2516 paucis

13 2542 15 2571 ἓ
80 2538 217 2584 verbis
235 2553 370 2598 agam.
407 2537 615 2583 Nimirum
634 2553 762 2583 sonus
781 2538 865 2597 ille,
886 2537 955 2599 qui
976 2537 1220 2582 consonanti
1240 2537 1432 2598 proprius

83 2625 178 2679 est,
215 2619 300 2665 sive
335 2619 498 2679 vocali,
544 2618 636 2678 ejus
672 2618 764 2664 loco
799 2619 947 2679 positae
983 2624 1025 2663 et
1059 2633 1154 2663 cum
1190 2617 1270 2662 alia
1305 2617 1431 2662 vocali

81 2701 336 2760 conjunctae,
376 2699 485 2745 haud
522 2700 638 2745 facile
668 2700 844 2745 discerni
874 2706 1039 2760 potest,
1075 2714 1204 2761 quum
1232 2698 1431 2760 adpositae

15 2813 16 2818 η
82 2781 209 2825 vocali
238 2781 548 2841 quodammodo
577 2783 758 2827 tenuiter
787 2781 1065 2826 admisceatur
1095 2780 1179 2825 sive
1207 2779 1425 2824 coalescat.

308 2846 321 2862 .
