1832 3294
17 229 47 270 l.
87 226 128 270 7.
467 245 526 275 nr„
566 244 853 276 ΑιΛηιΑΒιςΤο.
1305 226 1365 272 35

15 372 159 411 nostro
187 372 326 410 autem
356 380 576 417 sermone,
612 373 658 408 ut
687 366 814 409 titcrm
843 366 1015 411 initiales
1044 367 1226 411 minores
1262 367 1365 412 duas

15 448 154 493 literas
180 448 427 507 significant,
464 447 522 490 sic
549 446 638 490 haee
664 446 781 490 litera
808 447 890 491 duo
919 463 946 492 c·
972 448 1219 508 significato.
1288 450 1366 494 Est

16 545 201 590 quoque,
239 535 286 573 ut
311 528 422 589 apud
449 543 524 572 nos
552 527 591 571 in
622 528 882 572 numerando
911 530 1118 588 significet
1143 547 1365 577 numerum

15 610 284 655 ducenarium
321 608 522 653 denarum
557 607 793 666 decadum,
830 616 877 654 ut
912 610 994 655 duo
1030 627 1058 656 c
1093 611 1132 655 in
1171 628 1365 658 sermone

16 692 159 737 latino.
229 692 333 735 Haec
358 690 499 748 litera,
536 696 761 751 antequam
790 706 864 750 pro
893 690 1055 736 duabus
1083 692 1210 737 literis
1230 694 1365 754 posita

13 774 115 830 suit,
152 771 250 817 dum
280 772 414 817 adhuc
444 769 535 817 che
562 777 706 816 vocata
734 778 813 829 est,
851 772 890 815 in
912 773 1078 817 nomine
1098 789 1176 818 suo
1197 789 1223 819 e
1242 782 1365 835 post-

13 854 195 915 positum
215 853 360 898 habuit
378 854 506 898 literae
519 867 575 899 c:
594 869 703 898 nunc
722 861 863 897 autem
883 854 956 898 has
975 854 1114 898 literas
1135 862 1366 901 commutet

13 937 123 981 inter
150 951 220 995 se,
258 951 497 995 nomenque
529 934 682 979 habeat
710 933 762 978 ab
793 949 820 978 e
857 934 1079 995 incipiens,
1117 942 1160 980 et
1194 944 1366 981 vocetur

13 1032 142 1078 (3005
196 1033 321 1078 quam
363 1032 453 1060 rem
498 1016 556 1061 sic
598 1016 826 1060 institutam
870 1016 1076 1077 relinquo.
1162 1017 1269 1062 Illud
1304 1032 1362 1078 n,

14 1099 127 1161 quod
156 1099 343 1160 proxime
370 1097 580 1142 antecedit
601 1113 637 1156 9
664 1097 703 1141 in
727 1097 874 1142 eadem
893 1097 1066 1159 syllaba,
1104 1114 1207 1143 sono
1226 1099 1364 1144 minus

13 1181 157 1238 nasali,
193 1180 325 1240 magis
352 1195 451 1224 vero
480 1179 694 1239 gutturali,
732 1195 857 1240 quam
885 1187 1025 1225 cetera
1050 1194 1098 1240 n,
1135 1181 1363 1241 profertur,

12 1279 65 1308 eo
94 1262 207 1324 quod
235 1278 385 1307 sonum
414 1260 567 1306 habeat
595 1277 644 1306 ex
667 1277 703 1321 5]
732 1261 914 1305 nonnihil
943 1261 1202 1321 admixtum3
1239 1278 1365 1323 quam

12 1343 68 1390 ob
95 1359 200 1404 rem,
237 1343 366 1388 amica
396 1343 505 1387 inter
531 1358 600 1387 eas
627 1343 825 1387 societate
846 1343 1013 1402 juncta,
1049 1359 1174 1388 unam
1202 1344 1363 1389 literam

13 1442 65 1471 ex
91 1425 253 1471 duabus
277 1425 399 1482 facio,
437 1440 563 1485 quam
590 1425 753 1484 appello
782 1439 879 1483 ens]
906 1432 949 1469 et
975 1425 1054 1470 hoc
1080 1425 1205 1470 modo
1225 1425 1362 1470 scribo

12 1523 68 1566 ξς
106 1507 170 1552 cui
196 1507 267 1551 uni
293 1505 470 1551 eandem
496 1512 748 1566 potestatem
774 1505 913 1550 tribuo
940 1513 1066 1567 atque
1085 1507 1161 1551 illis
1182 1506 1361 1567 duabus,

13 1589 68 1634 ita
103 1595 151 1633 ut
185 1587 356 1649 perinde
393 1588 468 1646 sit,
514 1594 656 1632 utrum
692 1588 847 1632 scribas
884 1585 1092 1647 loerz'nyr,
1137 1604 1188 1632 an
1222 1589 1361 1646 hriqr,

14 1671 91 1715 nisi
120 1669 233 1731 quod
261 1685 344 1730 quo
373 1669 589 1729 pauciores
619 1668 775 1725 literae,
813 1684 864 1712 eo
893 1668 1061 1713 brevior
1087 1670 1253 1730 scriptio
1283 1676 1361 1715 est.

13 1754 160 1807 Quum
186 1751 305 1795 litera
323 1747 354 1794 Ιι
374 1765 510 1810 neque
530 1749 786 1810 amplificari,
823 1765 961 1811 neque
988 1750 1186 1810 deminui,
1223 1766 1363 1812 neque

11 1833 95 1877 ulla
139 1832 301 1876 ratione
346 1838 598 1892 potestatem
644 1847 763 1876 suam
807 1831 966 1875 variare
1011 1832 1173 1892 possit,
1225 1847 1363 1893 neque

12 1914 216 1974 figuram,
251 1929 389 1974 neque
409 1928 562 1957 nomen
583 1912 671 1972 ejus
691 1912 860 1957 mutavi.
929 1926 991 1972 ω,
1029 1928 1083 1973 v,
1120 1927 1173 1973 z,
1211 1927 1265 1972 g:
1301 1913 1362 1958 his

13 1995 166 2053 literis,
203 1994 357 2056 quibus
393 1995 506 2039 nulla
540 1994 592 2038 sit
619 1994 837 2054 peculiaris
867 2001 1075 2054 potestas,
1112 1995 1230 2040 facile
1257 2010 1364 2056 pos-

13 2092 157 2122 sumus
185 2076 226 2120 in
255 2083 398 2121 nostro
427 2090 620 2120 sermone
650 2090 819 2134 carere,
856 2076 1196 2137 quandoquidem
1218 2092 1363 2121 earum

13 2159 148 2203 solum
167 2157 382 2202 literarum
401 2156 532 2201 vicem
552 2157 773 2216 sustinent,
811 2173 904 2218 quae
933 2164 1055 2202 antea
1080 2158 1121 2202 in
1141 2157 1362 2218 alphabeto

13 2246 154 2299 erant,
190 2239 281 2284 aliae
310 2238 509 2297 duarum,
547 2245 594 2283 ut
628 2252 689 2298 ω,
726 2252 781 2297 z,
818 2253 849 2296 g
884 2245 957 2284 aut
995 2235 1014 2260 ⁷
1028 2239 1191 2300 ,quod
1225 2239 1363 2284 inter-

0 2320 113 2384 idum
141 2336 217 2382 pro
244 2320 430 2381 pluribus
458 2320 647 2380 ponitur,
684 2320 774 2364 aliae
811 2320 958 2379 unius,
994 2326 1042 2364 ut
1067 2335 1097 2367 υ
1127 2326 1199 2364 aut
1224 2319 1362 2364 inter—

0 2386 114 2446 ldum
145 2399 177 2446 7.

246 2415 311 2461 ω,
349 2416 398 2445 ea
432 2401 551 2445 litera
587 2401 627 2445 in
664 2416 858 2446 sermone
888 2354 1014 2446 latino
1042 2400 1270 2461 composita
1299 2407 1364 2444 est

0 2472 65 2534 lex
101 2498 128 2528 c
165 2490 207 2528 et
241 2498 301 2534 83
346 2498 472 2544 quam
510 2483 568 2527 sic
603 2482 876 2543 compositam
912 2483 951 2526 in
987 2489 1133 2527 nostro
1169 2496 1362 2526 sermone

1 2559 205 2629 lretineri,
242 2579 319 2608 nec
352 2580 537 2625 unquam
573 2564 770 2609 initialem
810 2579 902 2608 esse
936 2563 1055 2621 volo,
1094 2579 1222 2624 quum
1249 2578 1363 2607 nun-

0 2738 3 2750 .

0 2751 230 2795 lconsonans
265 2767 344 2804 ese,
384 2772 464 2795 cum
487 2762 613 2796 vocali
637 2773 762 2806 yroeca
787 2776 806 2797 υ
834 2761 922 2808 (lae.
947 2761 1023 2807 y),
1062 2767 1138 2795 tum
1163 2761 1205 2793 ob
1232 2760 1363 2803 fiquroe

0 2815 323 2866 lsimilieudinem‚
350 2829 426 2858 eum
450 2823 617 2859 nominis
642 2824 723 2867 (ve,
748 2824 814 2867 vi).

1057 2895 1102 2926 3}

0 3000 6 3090 l

1 3091 6 3139 l
