1832 3294
125 237 200 282 111·
243 233 409 281 13-14·
599 251 787 284 rie-unffi
822 246 1082 283 ommoms.
1371 224 1461 273 133

123 375 332 422 vocabulis
351 375 472 420 variae
491 372 818 433 significationis,
855 386 999 417 sensus
1022 370 1236 417 sententiae
1259 367 1460 414 obscurus

124 455 337 515 redditur,
373 462 419 500 ut
446 455 592 500 cecinit
618 454 891 498 Hallarstein:

383 538 452 583 Me
488 536 736 580 taciturnum
769 533 905 578 reddit
939 533 1042 578 ossis

383 616 572 661 insularis
607 630 680 659 rex
715 615 854 659 annuli
890 614 1100 673 Skbgulae.

123 700 203 744 Hic
239 714 391 743 nanum
426 704 544 742 vocat
579 696 692 755 lica,
735 696 918 756 itemque
953 701 1210 739 venustatem
1246 694 1423 738 seminae.

220 781 522 825 ALLOEOTHETA
540 776 865 836 (omoloaaem)
886 782 995 835 sunt,
1017 776 1050 820 si
1068 781 1280 819 mutantur
1297 774 1459 819 numeri

123 868 195 906 aut
228 877 346 905 casus
382 866 452 905 aut
486 875 664 920 genera,
703 864 747 902 ut
785 863 903 901 antea
931 857 1128 917 scriptum
1156 862 1220 901 est
1246 855 1286 899 in
1317 855 1459 899 Soloe-

122 942 266 988 cismo.
336 942 551 1002 Pleraeque
576 940 723 984 harum
750 939 978 998 figurarum
1004 936 1135 997 magis
1156 936 1458 995 Soloecismum,

122 1039 249 1085 quam
281 1022 616 1081 Barbarismum,
662 1026 922 1081 sequuntur,
970 1019 1076 1063 fiunt
1110 1018 1220 1062 enim
1253 1017 1383 1077 magis
1419 1017 1458 1061 in

124 1103 363 1163 sententiis,
399 1119 524 1165 quam
558 1103 600 1147 in
635 1101 804 1161 singulis
837 1100 1099 1146 dictionibus.

227 1228 300 1277 14.
394 1232 719 1287 METAPLASMUS
773 1224 1150 1290 (μεταπλασμός)
1203 1232 1268 1271 est
1318 1231 1459 1270 trans-

123 1312 313 1358 formatio
365 1312 535 1372 alicujus
586 1318 710 1356 rectae
765 1310 960 1356 orationis
1004 1309 1044 1353 in
1088 1308 1207 1353 aliam
1250 1307 1458 1367 figuram,

121 1401 294 1455 propter
311 1393 600 1438 necessitatem
620 1398 692 1437 aut
710 1398 879 1437 ornatus
899 1406 1035 1436 causa.
1103 1388 1230 1449 Cujus
1250 1394 1457 1451 quatuor-

121 1475 255 1520 decim
290 1475 446 1536 species
483 1480 604 1519 sunt:

220 1559 474 1602 Pssosrmzsm
518 1552 818 1620 (πρόσθεσις)
870 1559 933 1599 est
977 1552 1179 1613 appositio
1224 1551 1353 1595 literae
1394 1548 1457 1595 vel

123 1637 288 1699 syllabae
324 1637 364 1681 in
399 1635 596 1697 principio
634 1635 846 1694 dictionis,
881 1640 930 1679 ut
962 1634 1057 1694 Egil
1092 1632 1263 1678 cecinit:

381 1719 512 1762 Pravo
534 1749 545 1761 .
581 1716 688 1761 labia
722 1717 850 1761 hastae
873 1751 882 1760 .

383 1797 555 1858 pelagici
589 1798 715 1858 equi.
752 1799 945 1858 trajectus
959 1795 993 1840 b.

122 1879 203 1926 Hic
229 1879 460 1940 appositum
489 1885 554 1923 est
580 1893 610 1924 υ
638 1879 678 1922 in
704 1880 783 1924 hoc
809 1879 975 1924 nomine
1004 1879 1218 1936 vro'nyu,
1254 1881 1300 1920 ut
1331 1874 1460 1919 literae

124 2047 326 2081 ”Prothesis
341 2070 351 2089 ,
376 2047 540 2090 appositio
565 2047 599 2080 in
624 2047 789 2090 principio
813 2047 952 2090 verbi'’,
977 2045 1120 2079 Isidori
1145 2045 1250 2087 Oriq.
1274 2044 1304 2077 Ι.
1326 2042 1392 2076 34.
1416 2060 1462 2066 -

129 2108 162 2150 ⁶)
184 2119 333 2151 vrvngv,
361 2108 451 2142 748.
475 2127 520 2133 -
543 2107 579 2152 ⁷)
601 2119 740 2151 val-rar,
767 2108 860 2142 748.
884 2127 928 2133 —
951 2107 1136 2152 ⁸)varra1·‚
1163 2106 1253 2140 748.
1278 2123 1323 2130 -
1346 2103 1380 2148 ⁹)
1394 2114 1461 2146 vm,

126 2168 220 2204 748.
243 2188 290 2194 —-
318 2169 365 2214 ¹⁰)
391 2180 542 2213 vrvngv,
568 2170 661 2203 748.

218 2246 257 2289 ἃ)
289 2246 427 2279 Scilicet
458 2246 526 2280 tier
558 2246 731 2288 significat
762 2247 795 2279 et
825 2255 950 2279 nanum
982 2247 1017 2278 et
1048 2244 1213 2287 colorem,
1250 2243 1397 2287 adeoque
1428 2242 1461 2274 et

125 2310 351 2342 venustatem.
375 2326 421 2332 --
444 2307 484 2350 b)
509 2309 580 2340 Hos
605 2318 728 2340 versus
754 2306 891 2340 adduxit
916 2310 947 2339 et
971 2306 1146 2339 transtulit
1168 2307 1209 2339 G.
1228 2307 1402 2346 Magnaeus
1428 2302 1460 2334 in

125 2370 212 2402 Vita
235 2369 366 2411 Egilis,
399 2380 431 2412 p.
457 2370 534 2401 580.
559 2372 627 2401 not.
650 2379 694 2411 z,
728 2369 777 2400 sic
801 2372 962 2402 vertens:
1012 2368 1181 2400 ”distorta
1205 2367 1298 2400 labia
1322 2365 1424 2407 gladii
1454 2363 1458 2407 ἱ

127 2431 162 2464 in
188 2441 271 2474 equo
295 2433 412 2473 portus
436 2429 563 2473 (nave)
586 2429 823 2473 superfixum''.
870 2431 943 2461 Non
969 2429 1103 2462 dubium
1129 2440 1204 2461 esse
1229 2431 1358 2471 potest,
1383 2425 1459 2469 quin

127 2493 276 2536 vrb'nyu
302 2491 348 2523 sit
372 2494 429 2523 aut
454 2492 521 2524 dat.
544 2491 633 2533 sing.
654 2494 761 2523 neutr.
783 2491 852 2531 adj.
878 2490 911 2523 in
937 2492 1093 2532 dete1·m.,
1119 2493 1175 2523 aut
1199 2501 1294 2532 gem,
1319 2490 1388 2521 dat.
1410 2485 1460 2519 vel

128 2564 199 2587 acc.
222 2554 311 2595 sing.
336 2554 412 2585 fem.
427 2564 515 2595 gen„
541 2553 595 2585 vel
620 2553 757 2596 denique
781 2563 896 2584 omnes
921 2563 1020 2585 casus
1045 2553 1130 2596 plur.
1152 2551 1280 2584 numeri
1304 2547 1459 2590 adjectivi

128 2615 338 2648 determinati
363 2625 508 2658 vranqr
533 2614 598 2656 (z
618 2615 754 2657 rcinqr,
781 2614 856 2647 dan.
874 2615 1038 2657 vranq),
1065 2624 1201 2656 pravus.
1251 2612 1315 2645 Sed
1342 2622 1379 2642 ex
1405 2609 1458 2641 llis

128 2675 259 2718 verbis,
283 2680 319 2708 ut
338 2678 473 2716 jacent,
498 2676 611 2708 nullus
636 2687 779 2717 sensuS‚
807 2675 858 2719 qui
884 2679 997 2708 cei-tus
1023 2675 1086 2717 sit,
1114 2675 1185 2707 elici
1214 2676 1334 2717 potest,
1360 2681 1456 2715 quum

127 2746 272 2782 versus,
296 2748 360 2782 quo
385 2737 518 2780 singula
541 2738 646 2771 verba
670 2740 748 2770 sunt
773 2738 973 2780 referenda,
998 2737 1244 2772 desiderentur.
