1878 3309
41 217 71 260 l.
116 213 216 259 1-2.
556 229 613 261 nr,
654 228 939 260 ALPHABETO.
1332 206 1388 252 15

37 354 321 401 convenirent.
391 350 595 397 Nimirum
626 357 801 396 exemtae
820 356 917 396 sunt
935 349 1092 411 aliquot
1109 356 1389 395 consonantes

38 435 249 499 alphabeti
286 433 424 493 latini,
460 430 667 476 nonnullae
703 447 801 476 vcro
838 430 1019 490 additae3
1056 432 1179 476 nullae
1215 437 1390 476 exemtae

37 519 202 563 vocales
232 523 342 576 sunt,
378 512 526 559 additae
549 526 648 557 vero
675 512 919 572 permultae:
955 519 1098 558 nostra
1118 513 1228 558 enim
1249 513 1389 574 lingua

37 600 212 660 plurima
246 597 373 642 habet
409 594 500 640 soni
536 593 605 638 vel
636 593 747 638 vocis
784 592 1006 639 elementa.

139 710 185 756 2.
255 709 398 764 Quum
424 721 524 753 vero
550 711 828 751 consonantes
855 705 1014 750 nullum
1040 722 1191 752 sonum
1216 714 1287 753 aut
1308 708 1388 753 vim

36 789 389 855 pronuntiabilem
427 804 504 851 per
529 802 575 833 se
604 786 703 832 solae
732 801 929 831 exserere
959 794 1137 848 queant,
1175 788 1281 833 adeo
1317 796 1386 847 ut,

36 873 165 920 vocali
193 872 329 934 aliqua
356 886 438 916 non
466 868 709 927 auxiliante,
746 883 799 913 ne
834 883 987 914 nomen
1025 869 1195 930 quidem
1230 869 1386 914 habere

35 955 220 1017 possint,
255 966 521 1014 unaquaeque
556 965 656 996 vero
691 949 841 995 vocalis
878 965 956 996 suo
991 951 1160 997 nomine
1196 966 1387 1012 sonoque

36 1037 188 1098 cuique
241 1034 393 1094 linguae
434 1031 604 1094 proprio
647 1030 906 1092 pronuntiari
949 1038 1108 1093 queat3
1171 1047 1386 1095 quumque

32 1118 199 1163 vocales
245 1113 570 1161 consonantibus
615 1112 851 1175 praestantia
904 1119 1067 1159 tantum
1112 1113 1385 1171 antecellant,

34 1205 240 1262 quantum
283 1197 469 1258 perlecta
504 1194 689 1256 potentia
724 1194 1011 1256 impersectae:
1065 1211 1114 1240 ea
1150 1194 1202 1240 de
1238 1209 1386 1239 caussa

30 1282 134 1341 has,
170 1295 299 1342 quum
325 1278 365 1322 in
395 1275 631 1338 alphabeto,
668 1282 758 1321 tum
784 1276 824 1320 in
852 1276 929 1320 hac
956 1276 1151 1337 praesenti
1180 1275 1387 1321 disserta-

0 1363 183 1421 ltione,
229 1360 388 1422 priores
430 1359 566 1420 posui.
638 1359 838 1420 Quinque
881 1357 959 1402 illis
1001 1358 1246 1417 vocalibus,
1291 1372 1386 1420 quae

0 1463 1 1468 ¹
35 1451 158 1489 antea
203 1443 243 1488 in
287 1440 510 1503 alphabeto
554 1439 680 1485 latino
727 1444 877 1497 erant,
922 1439 995 1484 has
1032 1447 1213 1501 quatuor
1247 1438 1387 1484 addidi

34 1526 200 1583 literas,
238 1539 332 1586 quae
353 1523 418 1568 hic
435 1521 522 1582 jam
542 1521 810 1567 scribuntur:
845 1534 894 1582 ρ,
923 1535 973 1582 β,
1003 1534 1055 1581 θ,
1081 1535 1132 1581 y.
1203 1535 1231 1583 ρ
1258 1520 1388 1566 habet

34 1605 340 1652 semicirculum
366 1603 496 1649 literae
525 1616 580 1663 a,
617 1602 817 1647 circulum
846 1618 944 1647 vero
964 1602 1094 1648 literae
1112 1617 1162 1663 o,
1201 1619 1252 1648 eo
1272 1602 1386 1664 quod

32 1687 252 1748 utriusque
282 1685 405 1746 hujus
433 1700 537 1730 sono
567 1682 837 1728 commixtum
867 1689 955 1742 est,
992 1699 1121 1744 quum
1149 1685 1387 1746 proferatur

33 1784 107 1814 ore
151 1767 287 1814 minus
330 1773 507 1828 aperto,
552 1780 679 1826 quam
722 1778 785 1824 a,
829 1764 960 1824 magis
995 1772 1142 1825 aperto
1179 1781 1303 1827 quam
1340 1781 1384 1812 o.

32 1864 63 1912 ρ
78 1847 327 1910 exprimitur
345 1847 603 1893 semicirculo
622 1845 753 1891 literae
775 1859 831 1906 a,
863 1845 1027 1906 integro
1047 1853 1187 1891 autem
1207 1862 1385 1908 corpore

32 1932 164 1977 literae
201 1945 258 1990 e,
296 1945 426 1991 quum
461 1944 513 1973 ex
547 1927 610 1973 his
646 1926 810 1973 duabus
848 1927 1123 1988 compositum
1159 1928 1241 1987 sit,
1278 1943 1384 1988 pro-

31 2012 267 2058 nuntiatum
310 2026 385 2056 ore
431 2010 566 2055 minus
609 2015 754 2070 aperto
799 2024 925 2070 quam
961 2023 1023 2069 a,
1069 2009 1200 2070 magis
1237 2015 1384 2070 aperto

0 2080 1 2086 ἵ
31 2109 155 2155 quam
185 2107 227 2139 e.
297 2106 329 2141 a
355 2091 633 2153 compositum
662 2096 727 2135 est
753 2105 805 2135 ex
832 2090 942 2135 sonis
970 2091 1185 2136 literarum
1214 2105 1240 2136 e
1269 2097 1311 2135 et
1340 2105 1383 2150 0,

29 2175 164 2221 minus
211 2180 356 2235 aperto
402 2188 476 2218 ore
511 2172 752 2234 prolatum,
798 2187 924 2233 quam
960 2187 1018 2232 e,
1067 2171 1200 2232 magis
1237 2179 1383 2233 aperto

31 2272 156 2319 quam
200 2271 226 2301 ο
247 2270 267 2316 3
331 2269 456 2316 quam
500 2253 553 2299 ob
599 2268 689 2298 rem
732 2267 809 2313 per
855 2253 1053 2314 spirulam
1096 2253 1227 2298 literae
1274 2267 1300 2298 e
1343 2258 1385 2297 et

30 2337 231 2382 circulum
282 2335 413 2381 literae
467 2350 493 2381 ο
540 2333 799 2395 exprimitur.
873 2348 909 2395 y
960 2340 1123 2380 constat
1178 2350 1227 2379 ex
1272 2334 1383 2379 sonis

29 2418 243 2463 literarum
281 2424 300 2462 i
334 2423 377 2462 et
413 2431 447 2461 u
482 2415 521 2460 in
556 2431 687 2460 unum
725 2430 873 2460 sonum
910 2415 1129 2475 conflatis,
1174 2415 1383 2476 prolatum

31 2513 104 2543 ore
147 2498 283 2543 minus
329 2504 474 2559 aperto
519 2513 643 2559 quam
689 2503 735 2556 i,
781 2496 913 2556 magis
960 2504 1105 2558 aperto
1149 2513 1273 2558 quam
1311 2510 1381 2555 ης

32 2585 159 2640 atque
193 2579 287 2624 ideo
324 2594 400 2640 per
434 2578 616 2639 priorem
652 2578 855 2622 surculam
890 2577 1132 2637 majusculae
1169 2593 1202 2623 u
1238 2577 1385 2638 expri-

31 2661 229 2705 mendum
266 2666 358 2718 est,
404 2658 517 2721 quod
555 2660 634 2704 hoc
671 2659 738 2718 (oz
774 2657 830 2717 u)
866 2658 907 2703 in
942 2659 1165 2720 alphabeto
1202 2658 1383 2719 priorem

31 2740 166 2785 locum
188 2740 441 2786 obtinuerat.
509 2741 603 2787 Jam
632 2739 723 2785 fieri
749 2746 903 2801 potest,
940 2747 988 2786 ut
1005 2739 1153 2802 aliquis
1175 2743 1382 2800 opponat:
