1832 3294
51 240 122 283 ΙΙΙ.
167 238 204 283 1.
343 257 708 289 ΕυΝι)ΑΜΕΝΤυΜ
745 255 1096 288 ermmixricns.
1342 235 1404 282 65

48 396 97 425 ex
129 381 256 425 rebus
286 378 533 436 inanimatiS,
571 378 720 437 partim
751 394 798 423 ex
828 378 955 423 rebus
976 377 1178 422 animatis.
1249 379 1402 436 Sonus,

49 462 118 524 qui
163 478 212 507 ex
257 461 384 506 rebus
432 458 662 503 inanimatis
710 459 967 519 percipitur,
1021 466 1171 519 partim
1207 459 1346 504 existit
1381 474 1404 503 a

49 544 252 588 creaturis
299 539 556 597 mobilibus,
611 539 758 598 partim
795 541 845 585 ab
883 540 1199 599 immobilibus,
1253 541 1404 601 partim

49 641 72 669 a
103 639 310 669 concursu
346 636 489 666 rerum
516 620 734 665 mobilium
770 627 812 664 et
842 620 1130 665 immobilium.
1201 622 1240 667 A
1274 621 1402 667 rebus

49 705 273 750 mobilibus
311 718 438 748 sonus
476 701 773 762 proficiscitur,
817 709 864 746 ut
900 702 951 746 ab
989 702 1206 746 elementis
1242 719 1401 761 rerum,

49 787 174 847 igne,
210 785 365 843 ventis,
403 783 552 844 aquis3
601 783 651 827 ab
689 783 972 828 immobilibus
1009 782 1136 827 rebus
1174 799 1301 829 sonus
1340 785 1401 844 fit,

48 875 96 913 ut
139 883 162 912 a
208 865 413 927 lapidibus
467 871 509 909 et
559 864 737 909 metallis
791 871 862 908 aut
914 864 1099 924 fidibus,
1153 864 1266 925 quod
1313 866 1403 909 soni

47 962 182 1009 genus
213 963 380 1008 semper
416 946 555 991 existit
591 962 614 990 a
649 952 763 990 motu
802 946 972 1005 alicujus
1011 946 1197 1006 corporis
1234 946 1404 991 animati

49 1036 122 1075 aut
155 1029 383 1074 inanimati.
469 1029 533 1072 Ex
568 1040 773 1072 concursu
809 1043 952 1071 rerum
987 1027 1204 1072 mobilium
1242 1034 1285 1072 et
1319 1027 1403 1072 im-

49 1111 264 1157 mobilium
301 1126 428 1154 sonus
465 1109 532 1168 fit,
570 1109 695 1153 veluti
732 1124 861 1169 quum
897 1115 1043 1153 ventus
1081 1114 1154 1153 aut
1188 1124 1295 1169 aqua
1331 1115 1404 1153 aut

48 1192 155 1253 ignis
191 1199 346 1237 terram
383 1191 532 1235 aliasve
568 1206 636 1234 res
664 1189 900 1235 immobiles
930 1190 967 1234 vi
994 1189 1165 1250 adfligit.
1238 1191 1400 1249 Sonus,

49 1273 122 1335 qui
157 1273 296 1318 existit
329 1272 381 1317 ab
418 1272 546 1317 rebus
582 1271 840 1329 inanimatis,
879 1272 981 1316 alius
1017 1271 1276 1316 indistinctus
1313 1279 1400 1327 est,

47 1362 95 1400 ut
122 1355 311 1399 fremitus
342 1361 561 1398 ventorum
593 1360 664 1398 aut
683 1367 879 1398 susurrus
900 1369 1104 1414 aquarum
1124 1360 1195 1397 aut
1214 1353 1402 1413 fragores

48 1437 154 1496 eoeli,
193 1436 296 1480 alius
327 1435 541 1480 distinctus
569 1435 798 1480 secundum
819 1435 1133 1479 consonantiam
1152 1434 1401 1491 naturalem,

49 1534 176 1579 quam
194 1517 433 1577 Philosophi
463 1517 663 1561 musicam
693 1516 910 1574 dixerunt,
949 1516 1065 1575 cujus
1096 1515 1184 1560 soni
1214 1531 1401 1560 summus

51 1606 95 1644 et
124 1598 496 1644 excellentissimus
528 1598 667 1642 existit
696 1613 744 1642 ex
772 1604 888 1642 motu
909 1597 1174 1655 circulorum,
1212 1612 1317 1656 quos
1337 1597 1399 1640 sol

50 1688 94 1726 et
121 1681 217 1725 luna
254 1687 296 1724 et
331 1680 514 1740 quinque
551 1679 691 1738 signa,
730 1680 906 1739 planeta}
943 1677 1080 1735 dicta,
1118 1684 1399 1738 percurrunt3

51 1778 144 1823 quae
180 1762 358 1807 coelestis
395 1761 609 1805 harmonia
645 1760 840 1804 diciturss.
912 1761 1028 1814 Quas
1066 1759 1205 1804 stellas
1242 1759 1321 1803 vita
1359 1766 1402 1803 et

49 1844 208 1889 ratione
229 1842 428 1903 gaudere,
450 1849 492 1887 et
510 1842 766 1886 immortales
787 1856 895 1900 esse,
917 1841 1034 1885 Plato
1056 1839 1212 1885 docuit.
1263 1841 1400 1884 Sonus

50 1924 264 1970 distinctus
284 1924 324 1968 in
343 1923 472 1968 rebus
493 1923 722 1968 inanimatis
745 1922 895 1982 existit,
917 1937 1043 1983 quem
1063 1921 1234 1966 dicimus
1254 1937 1401 1966 sonum

50 2006 322 2065 artificialem,
344 2005 470 2050 veluti
490 2006 530 2049 in
549 2005 736 2063 metallo,
758 2004 926 2061 fidibus,
947 2003 1059 2047 omni
1079 2010 1224 2047 cantus
1245 2019 1401 2063 genere

50 2103 98 2132 ac
142 2087 267 2132 tibiis.
355 2088 400 2131 In
437 2086 565 2131 rebus
603 2086 791 2131 animatis
827 2100 955 2130 sonus
993 2084 1161 2143 existit,
1207 2085 1319 2129 velut
1362 2084 1401 2128 in

51 2165 270 2214 arboribus
300 2175 342 2212 et
367 2168 522 2227 herbis,
542 2152 604 2213 'et
630 2168 798 2229 quidem
828 2165 1006 2226 adpulsu
1036 2164 1207 2224 alicujus
1236 2163 1400 2210 mobilis

51 2250 276 2310 corporis.'
331 2250 369 2292 A
403 2248 532 2293 rebus
570 2249 792 2307 animatis,
831 2262 1006 2307 corpore
1041 2246 1259 2307 praeditis,
1296 2245 1400 2290 alius

51 2346 178 2376 sonus
206 2330 496 2392 proficiscitur,
534 2331 605 2390 qui
635 2330 783 2375 dicitur
809 2343 917 2373 vox:
955 2328 1075 2387 alius,
1113 2328 1184 2389 qui
1211 2342 1294 2372 non
1322 2343 1401 2372 vox

52 2418 141 2471 est,
179 2418 226 2455 ut
260 2411 449 2472 planctus
486 2411 639 2471 pedum
679 2417 749 2454 aut
785 2409 953 2470 plausus
989 2424 1217 2468 manuum,
1255 2414 1326 2453 aut
1360 2407 1402 2452 id

50 2508 181 2553 genus
212 2492 302 2537 alia.
372 2493 464 2537 Vox
494 2498 559 2536 est
587 2507 730 2550 sonus,
770 2491 844 2535 vivi
869 2490 1084 2535 animantis
1106 2505 1178 2534 ore
1198 2490 1400 2550 prolatus,

51 2573 252 2618 formatus
289 2585 439 2617 novem
467 2572 754 2617 instrumentis
782 2570 1072 2616 naturalibus:
1117 2570 1400 2631 pulmonibus,

54 2660 256 2713 gutture,
302 2654 476 2714 lingua,
523 2653 687 2699 duobus
723 2652 839 2698 labiis
887 2659 929 2697 et
971 2659 1152 2713 quatuor
1188 2650 1398 2696 dentibus·

146 2821 186 2864 a)
213 2822 339 2856 Confer
363 2822 537 2856 Somnium
564 2821 759 2865 Scipionis,
798 2831 867 2863 cap.
894 2821 924 2852 5.

103 2892 146 2923 Π.
1120 2891 1141 2920 5
