1882 3319
404 248 446 275 IV

510 357 576 404 A.
639 361 852 403 Tractatus
883 358 1124 411 arqumenti
1148 355 1416 413 plziloloqici,
1454 357 1539 400 sice
1568 358 1618 400 de
1646 359 1736 402 lite-

401 432 484 482 ris,
515 429 711 486 syllabis,
742 426 1034 482 compositione
1054 425 1274 468 verborum
1300 434 1335 468 et
1353 426 1506 482 fiquris
1529 428 1735 472 orationis

399 499 471 557 (p.
496 496 736 551 2—249).
794 495 847 538 In
877 495 941 537 his
973 495 1182 551 distinqui
1209 494 1385 538 debent:

505 583 550 635 a)
591 580 823 636 Proefatz'o:
853 581 944 621 ''um
968 581 1169 632 stafrofit’'‚
1193 593 1241 637 p.
1259 578 1396 630 2—9,
1429 593 1520 637 quoe
1541 580 1599 623 ad
1619 582 1733 638 ipsos

398 660 598 694 tractatus
625 663 765 690 1—-117
794 662 878 691 non
901 649 1116 705 pertinere
1143 649 1330 701 videtur,
1360 648 1434 692 sed
1460 650 1594 693 seculo
1623 665 1732 693 xzr.
1771 693 1780 704 ‚

398 721 560 763 demicm
584 720 826 776 composita,
856 719 942 761 sice
968 717 1019 760 ab
1047 727 1211 761 auctore
1235 727 1433 761 tractatus
1458 719 1616 772 ultimi,
1645 721 1735 763 sive

396 805 423 833 a
452 790 636 833 librario
665 789 818 831 codicis
846 788 1083 830 Wormiani
1104 788 1173 843 (si
1201 787 1247 830 ln·
1275 788 1356 830 duo
1386 802 1470 830 non
1497 798 1595 832 sunt
1618 804 1732 833 unus

398 869 434 903 et
458 859 618 912 idem),
650 872 774 916 quum
804 872 855 899 ex
884 858 979 914 ipsa
1008 857 1084 899 hac
1112 858 1338 914 scriptione
1366 858 1632 911 manifestum
1659 860 1729 912 sit,

397 938 604 972 auctorem
647 927 720 970 hoc
761 926 880 969 modo
924 935 1133 983 sequentes
1177 935 1376 970 tractatus
1426 941 1516 969 cum
1557 942 1732 985 corpore

397 998 560 1041 Eddico
590 1011 616 1040 a
643 1010 685 1039 se
715 1004 904 1052 conqesto
935 1010 1174 1052 componere
1201 997 1395 1040 voluisse.

504 1084 552 1136 b)
613 1083 828 1124 Tractatus
857 1080 963 1137 ipsi,
1006 1081 1080 1138 qui
1108 1081 1416 1139 quadripartiti
1441 1090 1567 1125 sunt:

515 1193 544 1234 1.
615 1193 688 1233 Um
731 1190 899 1232 stan-osu
939 1189 1022 1245 (de
1057 1189 1303 1247 alphabeto,
1345 1205 1446 1248 paq.
1478 1190 1725 1246 10-43),

393 1269 591 1304 tractatus
616 1269 651 1302 et
673 1260 921 1316 antiquitate
945 1267 980 1302 et
996 1259 1166 1316 inqenio
1182 1261 1364 1303 auctoris
1381 1269 1502 1318 atque
1518 1260 1726 1310 doctrina,

385 1344 469 1388 pro
512 1329 705 1386 temporis
760 1329 926 1385 quidem
968 1330 1158 1381 ratione,
1214 1343 1465 1386 maqnopere
1507 1329 1725 1372 notabilis.

391 1401 560 1451 Auctor,
593 1399 667 1456 qui
684 1398 801 1440 nulla
816 1408 1081 1441 monumenta
1095 1398 1296 1442 historica
1310 1398 1544 1452 Islandica,
1566 1406 1728 1456 praeter

388 1469 655 1526 qenealoqias
680 1476 715 1510 et
731 1469 891 1525 scripta
906 1468 1007 1511 Arii
1027 1467 1230 1525 sapientis
1246 1467 1315 1525 (†
1334 1467 1503 1522 1148)
1520 1468 1724 1525 cognovit,

389 1548 425 1582 et
453 1540 540 1596 ipse
570 1537 833 1594 alphabetum
868 1538 914 1579 in
943 1536 1217 1580 Islandoruin
1249 1551 1371 1580 usum
1404 1551 1448 1580 se
1485 1536 1728 1580 condidisse

384 1609 632 1666 profitetur,
676 1607 790 1649 circa
828 1615 864 1649 et
894 1615 991 1663 post
1017 1607 1200 1649 medium
1226 1607 1407 1650 seculum
1437 1606 1726 1650 duodecimum

385 1679 545 1721 vixisse
566 1676 746 1719 videtur.
803 1676 1017 1719 Habemus
1034 1676 1169 1733 iqitur
1184 1676 1272 1729 hic,
1301 1678 1342 1719 si
1356 1691 1440 1719 non
1454 1677 1723 1733 scriptionem

386 1749 519 1805 ipsius
543 1747 577 1789 T
575 1746 756 1789 horoddi
776 1746 1103 1802 runomaqistri,
1135 1745 1246 1803 quod
1258 1747 1440 1802 fortasse
1455 1755 1599 1789 auctor
1606 1759 1724 1803 proe-

385 1817 559 1874 sationis
589 1817 823 1873 suspicatus
855 1824 912 1858 est
952 1815 1077 1872 (vide
1099 1829 1146 1872 p.
1177 1815 1358 1872 4—6)‚
1403 1824 1507 1859 certe
1536 1815 1722 1858 auctoris

387 1886 603 1944 cujusdam
630 1886 921 1937 vetustissimi,
950 1885 1058 1928 Ario
1087 1886 1232 1937 cooevi,
1266 1884 1382 1943 cujus
1413 1893 1592 1942 tempore
1619 1898 1658 1927 υ.
1683 1898 1720 1928 c.

385 1956 508 1999 litera
530 1956 764 2012 Anqlorum
788 1953 1200 2012 (Anqlosacconum)
1230 1955 1252 1995 ὂ
1282 1955 1470 1997 nondum
1498 1955 1544 1996 in
1573 1953 1723 2011 alpha-

386 2025 520 2068 betum
549 2025 807 2068 Islandicum
835 2033 999 2082 recepta
1028 2033 1104 2076 est,
1135 2038 1267 2081 neque
1297 2024 1349 2067 ab
1381 2037 1425 2066 eo
1453 2022 1719 2081 suscipitur¹.

388 2095 666 2151 Saqacitatem
702 2095 884 2138 auctoris
922 2108 1079 2151 maqna
1117 2094 1205 2151 ejus
1243 2095 1290 2136 in
1327 2093 1530 2137 elementis
1560 2093 1656 2136 soni
1684 2099 1722 2136 et

384 2178 526 2207 vocum
560 2164 870 2221 distinquendis
908 2163 1119 2207 subtilitas
1159 2163 1444 2215 demonstrat,
1484 2163 1722 2206 doctrinam

383 2247 493 2285 vero,
526 2234 634 2291 quod
650 2234 871 2291 alphabeta
887 2233 1043 2290 linquoe
1064 2234 1241 2284 Latinae,
1275 2232 1447 2284 Groecoe,
1477 2232 1718 2284 Hebraicae,

384 2303 572 2359 Anqlicae
588 2302 1003 2360 (Anqlosaoeonicoe)
1019 2312 1053 2346 et
1071 2302 1244 2347 Scoticoe
1262 2303 1471 2359 coqnovit,
1502 2310 1537 2344 et
1560 2301 1719 2358 linquoe

385 2373 549 2415 Latinoe
572 2374 756 2429 peritum
783 2387 825 2416 se
854 2373 1047 2416 ostendit.
1114 2372 1167 2416 In
1196 2371 1450 2429 mytholoqia
1472 2371 1718 2428 septentrio-

383 2442 475 2485 nali
496 2451 703 2485 versatum
720 2444 852 2496 fuisse
868 2443 1060 2486 indicant
1072 2442 1251 2498 fabulae,
1281 2441 1402 2484 nobis
1419 2455 1531 2484 nunc
1547 2442 1715 2498 iqnotoe‚

466 2602 498 2646 ¹)
524 2603 629 2643 Quod
650 2603 726 2636 hoec
746 2603 857 2636 litera
876 2604 916 2636 in
939 2603 1100 2636 editione
1119 2608 1251 2636 nostra
1273 2603 1383 2635 etiam
1403 2602 1443 2635 in
1464 2603 1532 2635 hoc
1554 2605 1716 2635 tractam

383 2664 569 2706 occurrit,
596 2664 663 2696 hoc
680 2665 798 2697 codici
816 2664 1027 2697 Wormiano
1051 2664 1217 2707 debetur,
1246 2663 1356 2704 cujas
1377 2664 1562 2697 librarius
1582 2667 1714 2696 aucto-

381 2736 459 2759 rem
491 2725 630 2768 soept‘us
662 2735 735 2757 non
770 2726 982 2767 intelle-vit,
1021 2726 1172 2770 ideoque
1206 2735 1254 2758 ex
1286 2735 1352 2758 suo
1388 2725 1547 2759 arbitrio
1574 2724 1714 2768 soepius

381 2787 564 2830 scripsit,-
606 2797 683 2830 quae
707 2792 849 2819 mutare
874 2797 972 2820 nunc
995 2787 1143 2828 frustra
1168 2785 1318 2827 fnisset.
