1832 3294
73 231 145 275 IV·
182 226 354 275 24-25·
564 249 754 282 mounAE
781 249 1042 283 ORATIONIS.
1334 230 1429 278 243

71 368 150 413 diei
185 369 318 429 possit
353 370 513 429 facere,
552 370 666 431 quod
694 371 823 414 altera
851 371 996 424 saciat,
1035 386 1161 432 quem
1191 371 1230 415 in
1258 371 1430 416 modum

71 449 213 508 lingua
251 449 401 495 dicitur
436 450 550 495 cordi
587 451 840 495 consentire.

333 533 453 575 Luna
490 530 684 590 splendet
719 530 771 574 de
807 531 961 576 vertice

333 611 544 655 terrestris
581 625 758 654 eamerae
796 626 871 670 per
905 626 1074 671 campos

334 691 446 734 omni
481 697 702 750 tempore,
741 691 838 734 dum
876 691 999 735 durat

333 777 433 815 aetas
472 776 595 815 terrae
629 771 856 832 marisque.

334 852 455 911 Scio⁷
493 851 843 912 pulchritudinem
879 851 1005 895 celeri

337 938 460 977 terrae
497 932 610 977 socio
646 933 756 977 bene
792 931 1025 987 inservire;

332 1013 398 1057 cui
433 1013 623 1058 homines
660 1028 798 1073 neque
833 1012 991 1069 vitam⁷

334 1109 473 1154 neque
509 1101 691 1139 mortem
725 1093 977 1137 destinatam
1013 1098 1183 1136 norunt.

4 1191 6 1225 ξ
70 1173 149 1218 Hie
185 1174 293 1218 lunae
329 1173 580 1219 adscribitur
616 1176 714 1219 solis
759 1174 974 1231 officium7
1019 1178 1176 1217 terram
1221 1178 1429 1232 perpetuo

70 1255 225 1299 lumine
271 1255 556 1300 collustrandi.
652 1258 772 1300 Luna
820 1255 963 1313 enim,
1017 1268 1112 1315 quaa
1158 1254 1300 1297 lumen
1346 1269 1429 1297 non

6 1345 7 1350 ’
71 1335 149 1381 sibi
183 1335 305 1395 ipsa,
350 1335 425 1380 sed
461 1336 539 1380 soli
577 1344 794 1396 acceptum
831 1335 1017 1392 reserat,
1064 1349 1251 1378 aversam
1288 1332 1340 1376 ab
1378 1348 1429 1377 eo

69 1423 233 1477 partem
270 1416 520 1474 obscuram,
559 1416 774 1461 adversam
802 1422 933 1460 totam
962 1415 1116 1458 lumine
1147 1414 1429 1457 collustratam

2 1508 8 1564 j
69 1496 213 1542 habet.
301 1499 411 1542 Tum
457 1497 625 1541 dimidia
670 1513 767 1557 pars
814 1496 903 1555 ejus
949 1495 1243 1552 collustratur,
1299 1509 1429 1554 quum

0 1569 9 1641 ᾖ
70 1584 143 1622 aut
178 1593 201 1622 a
238 1578 325 1622 sole
360 1584 522 1622 tantum
558 1578 733 1622 recessit
768 1584 840 1621 aut
875 1576 913 1620 ei
949 1583 1032 1620 tam
1068 1574 1427 1635 adpropinquavit,

0 1647 9 1688 ¹}
73 1664 118 1703 ut
152 1659 318 1718 plagam
355 1658 627 1702 meridianam
671 1663 742 1701 aut
785 1657 999 1701 borealem
1044 1662 1218 1714 teneat,
1265 1655 1353 1699 sole
1389 1654 1429 1698 in

70 1739 195 1800 plaga
231 1739 422 1783 orientali
457 1745 529 1783 aut
564 1737 808 1782 occidentali
841 1737 1083 1781 constituto.

172 1849 250 1896 25.
295 1851 689 1894 ANTHROPOPATHIA
710 1846 1175 1913 (ἁνθρωποπάθεια)
1194 1854 1260 1892 est
1278 1848 1429 1906 figura,

5 1924 11 1972 ‘1
73 1947 155 1993 qua
190 1931 336 1976 divinae
372 1936 531 1975 naturae
568 1929 865 1975 adscribuntur
896 1943 989 1989 quae
1019 1934 1116 1972 sunt
1144 1928 1429 1986 humanitatis,

11 2022 12 2025 ’
72 2028 109 2056 ν.
148 2027 184 2056 c.
223 2017 367 2070 stare,
406 2010 590 2069 sedere,
628 2010 848 2069 incedere,
886 2009 1031 2067 irasci,
1069 2008 1224 2068 laetari,
1262 2023 1429 2066 amare,

6 2082 13 2156 [2
74 2092 248 2152 dolere,
292 2098 340 2136 ut
374 2092 414 2136 in
450 2092 512 2136 his
549 2091 770 2136 versibus:

207 2172 394 2217 Adamus
432 2172 530 2217 olim
567 2188 664 2217 eum
700 2171 965 2216 incedentem
1001 2169 1123 2225 vidit7

207 2253 278 2314 qui
313 2253 472 2312 omnia,
511 2269 604 2314 quae
641 2252 681 2296 in
718 2252 874 2296 mundo
913 2258 1029 2301 sunt„
1067 2250 1196 2294 verbo
1231 2251 1399 2294 crearit.

207 2333 402 2378 Eundem
441 2333 677 2392 Stephanus
714 2348 917 2392 perquam
956 2332 1119 2391 sapiens

211 2421 415 2473 stantem,
453 2414 670 2474 proplietse
706 2412 925 2457 sedentem
964 2412 1168 2455 viderunt.

15 2635 17 2638 ψ
81 2611 209 2654 forma
235 2610 315 2653 4³2⁸,
343 2611 499 2643 addente
526 2611 560 2642 Ιι.
582 2612 605 2642 ἰ.
632 2610 727 2641 ”sem
754 2609 846 2641 kvab
874 2609 978 2640 Einar
1004 2608 1213 2640 Skiilason⁷'.
1238 2627 1284 2632 —
1318 2607 1352 2650 ²)
1381 2606 1437 2639 sic

83 2682 132 2705 ea:
157 2672 403 2714 conjectura5
442 2671 570 2712 maebv,
599 2673 658 2712 W,·
701 2671 825 2703 Gunn.
849 2671 964 2702 Pauli
991 2674 1216 2702 correxerat
1241 2669 1345 2700 msc-ri.

1113 2806 1177 2837 1⁴3*
