<?xml version="1.0" encoding="UTF-8"?>
<!DOCTYPE html PUBLIC "-//W3C//DTD XHTML 1.0 Transitional//EN"
    "http://www.w3.org/TR/xhtml1/DTD/xhtml1-transitional.dtd">
<html xmlns="http://www.w3.org/1999/xhtml" xml:lang="en" lang="en">
 <head>
  <title>
</title>
<meta http-equiv="Content-Type" content="text/html;charset=utf-8" />
  <meta name='ocr-system' content='tesseract 3.04.00' />
  <meta name='ocr-capabilities' content='ocr_page ocr_carea ocr_par ocr_line ocrx_word'/>
</head>
<body>
  <div class='ocr_page' id='page_1' title='image "./eddasnorrasturlu02hafnuoft_0011.png"; bbox 0 0 1919 3329; ppageno 0'>
   <div class='ocr_carea' id='block_1_1' title="bbox 10 933 23 1839">
    <p class='ocr_par' dir='ltr' id='par_1_1' title="bbox 10 933 23 1839">
     <span class='ocr_line' id='line_1_1' title="bbox 10 933 23 1839; baseline 0 0"><span class='ocrx_word' id='word_1_1' title='bbox 10 933 23 1839; x_wconf 95' lang='lat' dir='ltr'><em> </em></span> 
     </span>
    </p>
   </div>
   <div class='ocr_carea' id='block_1_2' title="bbox 0 735 50 2672">
    <p class='ocr_par' dir='ltr' id='par_1_2' title="bbox 0 735 50 2672">
     <span class='ocr_line' id='line_1_2' title="bbox 0 735 50 2672; baseline 0 0"><span class='ocrx_word' id='word_1_2' title='bbox 0 735 50 2672; x_wconf 95' lang='lat' dir='ltr'><em> </em></span> 
     </span>
    </p>
   </div>
   <div class='ocr_carea' id='block_1_3' title="bbox 20 2004 31 2659">
    <p class='ocr_par' dir='ltr' id='par_1_3' title="bbox 20 2004 31 2659">
     <span class='ocr_line' id='line_1_3' title="bbox 20 2004 31 2659; baseline 0 0"><span class='ocrx_word' id='word_1_3' title='bbox 20 2004 31 2659; x_wconf 95' lang='lat' dir='ltr'><em> </em></span> 
     </span>
    </p>
   </div>
   <div class='ocr_carea' id='block_1_4' title="bbox 20 2004 31 2659">
    <p class='ocr_par' dir='ltr' id='par_1_4' title="bbox 20 2004 31 2659">
     <span class='ocr_line' id='line_1_4' title="bbox 20 2004 31 2659; baseline 0 0"><span class='ocrx_word' id='word_1_4' title='bbox 20 2004 31 2659; x_wconf 95' lang='lat' dir='ltr'><em> </em></span> 
     </span>
    </p>
   </div>
   <div class='ocr_carea' id='block_1_5' title="bbox 372 298 1159 309">
    <p class='ocr_par' dir='ltr' id='par_1_5' title="bbox 372 298 1159 309">
     <span class='ocr_line' id='line_1_5' title="bbox 372 298 1159 309; baseline 0 0"><span class='ocrx_word' id='word_1_5' title='bbox 372 298 1159 309; x_wconf 95' lang='lat' dir='ltr'><em> </em></span> 
     </span>
    </p>
   </div>
   <div class='ocr_carea' id='block_1_6' title="bbox 693 907 886 963">
    <p class='ocr_par' dir='ltr' id='par_1_6' title="bbox 693 907 886 963">
     <span class='ocr_line' id='line_1_6' title="bbox 693 907 886 963; baseline -0.005 0"><span class='ocrx_word' id='word_1_6' title='bbox 693 907 769 963; x_wconf 89' lang='lat' dir='ltr'><em>L.</em></span> <span class='ocrx_word' id='word_1_7' title='bbox 814 908 886 963; x_wconf 90' lang='grc' dir='ltr'><em>Β.</em></span> 
     </span>
    </p>
   </div>
   <div class='ocr_carea' id='block_1_7' title="bbox 121 1073 1476 2695">
    <p class='ocr_par' dir='ltr' id='par_1_7' title="bbox 121 1073 1476 2695">
     <span class='ocr_line' id='line_1_7' title="bbox 126 1073 1461 1157; baseline -0.003 -11"><span class='ocrx_word' id='word_1_8' title='bbox 126 1073 302 1157; x_wconf 72' lang='lat' dir='ltr'><em>Quum</em></span> <span class='ocrx_word' id='word_1_9' title='bbox 317 1101 453 1144; x_wconf 80' lang='lat' dir='ltr'><em>Eddoe</em></span> <span class='ocrx_word' id='word_1_10' title='bbox 472 1099 706 1144; x_wconf 85' lang='lat' dir='ltr'><em>Snorronis</em></span> <span class='ocrx_word' id='word_1_11' title='bbox 724 1099 901 1143; x_wconf 78' lang='lat' dir='ltr'><em>Sturloei</em></span> <span class='ocrx_word' id='word_1_12' title='bbox 921 1099 1067 1142; x_wconf 89' lang='lat' dir='ltr'><em>Tomus</em></span> <span class='ocrx_word' id='word_1_13' title='bbox 1079 1101 1245 1156; x_wconf 83' lang='lat' dir='ltr'><em>primus</em></span> <span class='ocrx_word' id='word_1_14' title='bbox 1270 1102 1315 1143; x_wconf 87' lang='lat' dir='ltr'><em>in</em></span> <span class='ocrx_word' id='word_1_15' title='bbox 1332 1101 1461 1143; x_wconf 88' lang='lat' dir='ltr'><em>lucem</em></span> 
     </span>
     <span class='ocr_line' id='line_1_8' title="bbox 122 1169 1463 1229; baseline -0.001 -13"><span class='ocrx_word' id='word_1_16' title='bbox 122 1173 258 1216; x_wconf 83' lang='lat' dir='ltr'><em>editus</em></span> <span class='ocrx_word' id='word_1_17' title='bbox 283 1181 397 1224; x_wconf 87' lang='lat' dir='ltr'><em>esset,</em></span> <span class='ocrx_word' id='word_1_18' title='bbox 428 1171 703 1229; x_wconf 75' lang='lat' dir='ltr'><em>speravimus,</em></span> <span class='ocrx_word' id='word_1_19' title='bbox 736 1169 1079 1226; x_wconf 80' lang='lat' dir='ltr'><em>quemadmodum</em></span> <span class='ocrx_word' id='word_1_20' title='bbox 1094 1169 1276 1214; x_wconf 83' lang='lat' dir='ltr'><em>breviter</em></span> <span class='ocrx_word' id='word_1_21' title='bbox 1291 1171 1336 1213; x_wconf 89' lang='lat' dir='ltr'><em>in</em></span> <span class='ocrx_word' id='word_1_22' title='bbox 1346 1184 1463 1228; x_wconf 85' lang='lat' dir='ltr'><em>proe-</em></span> 
     </span>
     <span class='ocr_line' id='line_1_9' title="bbox 123 1239 1463 1297; baseline -0.002 -11"><span class='ocrx_word' id='word_1_23' title='bbox 123 1244 282 1297; x_wconf 75' lang='lat' dir='ltr'><em>satione</em></span> <span class='ocrx_word' id='word_1_24' title='bbox 305 1242 420 1285; x_wconf 90' lang='lat' dir='ltr'><em>illius</em></span> <span class='ocrx_word' id='word_1_25' title='bbox 445 1241 551 1284; x_wconf 83' lang='lat' dir='ltr'><em>libri</em></span> <span class='ocrx_word' id='word_1_26' title='bbox 571 1239 872 1291; x_wconf 85' lang='lat' dir='ltr'><em>indicavimus,</em></span> <span class='ocrx_word' id='word_1_27' title='bbox 902 1239 1009 1282; x_wconf 71' lang='lat' dir='ltr'><em>lianc</em></span> <span class='ocrx_word' id='word_1_28' title='bbox 1032 1249 1219 1284; x_wconf 86' lang='lat' dir='ltr'><em>nostram</em></span> <span class='ocrx_word' id='word_1_29' title='bbox 1241 1242 1463 1284; x_wconf 74' lang='lat' dir='ltr'><em>editionem</em></span> 
     </span>
     <span class='ocr_line' id='line_1_10' title="bbox 123 1310 1463 1369; baseline -0.001 -14"><span class='ocrx_word' id='word_1_30' title='bbox 123 1312 286 1355; x_wconf 85' lang='lat' dir='ltr'><em>duobus</em></span> <span class='ocrx_word' id='word_1_31' title='bbox 329 1310 611 1355; x_wconf 74' lang='lat' dir='ltr'><em>voluminibus</em></span> <span class='ocrx_word' id='word_1_32' title='bbox 653 1310 818 1352; x_wconf 82' lang='lat' dir='ltr'><em>absolvi</em></span> <span class='ocrx_word' id='word_1_33' title='bbox 853 1323 991 1366; x_wconf 86' lang='lat' dir='ltr'><em>posse.</em></span> <span class='ocrx_word' id='word_1_34' title='bbox 1091 1310 1177 1354; x_wconf 86' lang='lat' dir='ltr'><em>Sed</em></span> <span class='ocrx_word' id='word_1_35' title='bbox 1211 1312 1463 1369; x_wconf 78' lang='lat' dir='ltr'><em>procedente</em></span> 
     </span>
     <span class='ocr_line' id='line_1_11' title="bbox 121 1379 1464 1439; baseline -0.001 -14"><span class='ocrx_word' id='word_1_36' title='bbox 121 1396 244 1439; x_wconf 84' lang='lat' dir='ltr'><em>opere</em></span> <span class='ocrx_word' id='word_1_37' title='bbox 270 1382 394 1424; x_wconf 84' lang='lat' dir='ltr'><em>moles</em></span> <span class='ocrx_word' id='word_1_38' title='bbox 423 1381 610 1423; x_wconf 84' lang='lat' dir='ltr'><em>materioe</em></span> <span class='ocrx_word' id='word_1_39' title='bbox 633 1379 769 1435; x_wconf 77' lang='lat' dir='ltr'><em>maqis</em></span> <span class='ocrx_word' id='word_1_40' title='bbox 792 1381 1011 1437; x_wconf 78' lang='lat' dir='ltr'><em>maqisque</em></span> <span class='ocrx_word' id='word_1_41' title='bbox 1037 1381 1183 1434; x_wconf 85' lang='lat' dir='ltr'><em>crevit,</em></span> <span class='ocrx_word' id='word_1_42' title='bbox 1215 1382 1464 1439; x_wconf 78' lang='lat' dir='ltr'><em>tandemque</em></span> 
     </span>
     <span class='ocr_line' id='line_1_12' title="bbox 124 1449 1463 1508; baseline -0.001 -13"><span class='ocrx_word' id='word_1_43' title='bbox 124 1467 169 1495; x_wconf 92' lang='lat' dir='ltr'><em>eo</em></span> <span class='ocrx_word' id='word_1_44' title='bbox 199 1466 265 1495; x_wconf 87' lang='lat' dir='ltr'><em>res</em></span> <span class='ocrx_word' id='word_1_45' title='bbox 294 1451 427 1502; x_wconf 79' lang='lat' dir='ltr'><em>venit,</em></span> <span class='ocrx_word' id='word_1_46' title='bbox 457 1458 502 1493; x_wconf 89' lang='lat' dir='ltr'><em>ut</em></span> <span class='ocrx_word' id='word_1_47' title='bbox 532 1458 567 1492; x_wconf 89' lang='lat' dir='ltr'><em>et</em></span> <span class='ocrx_word' id='word_1_48' title='bbox 595 1449 715 1506; x_wconf 86' lang='lat' dir='ltr'><em>operi</em></span> <span class='ocrx_word' id='word_1_49' title='bbox 743 1449 830 1506; x_wconf 87' lang='lat' dir='ltr'><em>ipsi</em></span> <span class='ocrx_word' id='word_1_50' title='bbox 858 1458 893 1492; x_wconf 87' lang='lat' dir='ltr'><em>et</em></span> <span class='ocrx_word' id='word_1_51' title='bbox 921 1451 1082 1492; x_wconf 84' lang='lat' dir='ltr'><em>rationi</em></span> <span class='ocrx_word' id='word_1_52' title='bbox 1110 1451 1234 1508; x_wconf 78' lang='lat' dir='ltr'><em>liujus</em></span> <span class='ocrx_word' id='word_1_53' title='bbox 1265 1451 1463 1494; x_wconf 81' lang='lat' dir='ltr'><em>editionis</em></span> 
     </span>
     <span class='ocr_line' id='line_1_13' title="bbox 124 1519 1462 1579; baseline -0.001 -14"><span class='ocrx_word' id='word_1_54' title='bbox 124 1523 274 1579; x_wconf 85' lang='lat' dir='ltr'><em>optime</em></span> <span class='ocrx_word' id='word_1_55' title='bbox 303 1519 466 1563; x_wconf 85' lang='lat' dir='ltr'><em>consuli</em></span> <span class='ocrx_word' id='word_1_56' title='bbox 492 1519 728 1570; x_wconf 81' lang='lat' dir='ltr'><em>videretur,</em></span> <span class='ocrx_word' id='word_1_57' title='bbox 759 1519 800 1561; x_wconf 91' lang='lat' dir='ltr'><em>si</em></span> <span class='ocrx_word' id='word_1_58' title='bbox 826 1533 912 1562; x_wconf 84' lang='lat' dir='ltr'><em>non</em></span> <span class='ocrx_word' id='word_1_59' title='bbox 936 1519 1069 1562; x_wconf 87' lang='lat' dir='ltr'><em>solum</em></span> <span class='ocrx_word' id='word_1_60' title='bbox 1094 1521 1300 1563; x_wconf 88' lang='lat' dir='ltr'><em>editorum</em></span> <span class='ocrx_word' id='word_1_61' title='bbox 1321 1534 1462 1577; x_wconf 89' lang='lat' dir='ltr'><em>opera,</em></span> 
     </span>
     <span class='ocr_line' id='line_1_14' title="bbox 124 1587 1466 1648; baseline -0.001 -14"><span class='ocrx_word' id='word_1_62' title='bbox 124 1591 199 1634; x_wconf 89' lang='lat' dir='ltr'><em>sed</em></span> <span class='ocrx_word' id='word_1_63' title='bbox 235 1600 271 1634; x_wconf 85' lang='lat' dir='ltr'><em>et</em></span> <span class='ocrx_word' id='word_1_64' title='bbox 307 1591 394 1648; x_wconf 84' lang='lat' dir='ltr'><em>ipsi</em></span> <span class='ocrx_word' id='word_1_65' title='bbox 426 1590 561 1646; x_wconf 85' lang='lat' dir='ltr'><em>fontes</em></span> <span class='ocrx_word' id='word_1_66' title='bbox 599 1587 744 1631; x_wconf 85' lang='lat' dir='ltr'><em>lectori</em></span> <span class='ocrx_word' id='word_1_67' title='bbox 778 1589 1063 1645; x_wconf 82' lang='lat' dir='ltr'><em>aperirentur.</em></span> <span class='ocrx_word' id='word_1_68' title='bbox 1142 1591 1297 1633; x_wconf 83' lang='lat' dir='ltr'><em>Prodit</em></span> <span class='ocrx_word' id='word_1_69' title='bbox 1332 1591 1466 1647; x_wconf 82' lang='lat' dir='ltr'><em>iqitur</em></span> 
     </span>
     <span class='ocr_line' id='line_1_15' title="bbox 126 1657 1465 1718; baseline -0.001 -14"><span class='ocrx_word' id='word_1_70' title='bbox 126 1661 193 1704; x_wconf 87' lang='lat' dir='ltr'><em>hic</em></span> <span class='ocrx_word' id='word_1_71' title='bbox 222 1661 258 1704; x_wconf 91' lang='lat' dir='ltr'><em>T</em></span> <span class='ocrx_word' id='word_1_72' title='bbox 255 1675 368 1704; x_wconf 87' lang='lat' dir='ltr'><em>omus</em></span> <span class='ocrx_word' id='word_1_73' title='bbox 398 1657 605 1702; x_wconf 85' lang='lat' dir='ltr'><em>secundus</em></span> <span class='ocrx_word' id='word_1_74' title='bbox 631 1657 768 1700; x_wconf 82' lang='lat' dir='ltr'><em>Eddoe</em></span> <span class='ocrx_word' id='word_1_75' title='bbox 795 1658 1070 1711; x_wconf 84' lang='lat' dir='ltr'><em>Snorrianoe,</em></span> <span class='ocrx_word' id='word_1_76' title='bbox 1103 1668 1302 1704; x_wconf 86' lang='lat' dir='ltr'><em>tractatus</em></span> <span class='ocrx_word' id='word_1_77' title='bbox 1325 1660 1465 1718; x_wconf 84' lang='lat' dir='ltr'><em>philo-</em></span> 
     </span>
     <span class='ocr_line' id='line_1_16' title="bbox 128 1727 1466 1788; baseline -0.001 -14"><span class='ocrx_word' id='word_1_78' title='bbox 128 1731 282 1788; x_wconf 78' lang='lat' dir='ltr'><em>loqicos</em></span> <span class='ocrx_word' id='word_1_79' title='bbox 313 1738 349 1773; x_wconf 86' lang='lat' dir='ltr'><em>et</em></span> <span class='ocrx_word' id='word_1_80' title='bbox 377 1727 757 1771; x_wconf 88' lang='lat' dir='ltr'><em>additamentorum</em></span> <span class='ocrx_word' id='word_1_81' title='bbox 784 1729 1014 1771; x_wconf 76' lang='lat' dir='ltr'><em>maximam</em></span> <span class='ocrx_word' id='word_1_82' title='bbox 1038 1738 1205 1786; x_wconf 86' lang='lat' dir='ltr'><em>partem</em></span> <span class='ocrx_word' id='word_1_83' title='bbox 1235 1731 1466 1781; x_wconf 83' lang='lat' dir='ltr'><em>continens,</em></span> 
     </span>
     <span class='ocr_line' id='line_1_17' title="bbox 128 1799 1469 1858; baseline 0 -15"><span class='ocrx_word' id='word_1_84' title='bbox 128 1809 190 1852; x_wconf 89' lang='lat' dir='ltr'><em>et,</em></span> <span class='ocrx_word' id='word_1_85' title='bbox 235 1808 280 1842; x_wconf 92' lang='lat' dir='ltr'><em>ut</em></span> <span class='ocrx_word' id='word_1_86' title='bbox 315 1812 561 1856; x_wconf 82' lang='lat' dir='ltr'><em>speramus,</em></span> <span class='ocrx_word' id='word_1_87' title='bbox 606 1810 711 1854; x_wconf 84' lang='lat' dir='ltr'><em>opus</em></span> <span class='ocrx_word' id='word_1_88' title='bbox 747 1811 833 1840; x_wconf 86' lang='lat' dir='ltr'><em>non</em></span> <span class='ocrx_word' id='word_1_89' title='bbox 862 1811 1020 1855; x_wconf 87' lang='lat' dir='ltr'><em>parum</em></span> <span class='ocrx_word' id='word_1_90' title='bbox 1050 1799 1299 1853; x_wconf 85' lang='lat' dir='ltr'><em>illustrans,</em></span> <span class='ocrx_word' id='word_1_91' title='bbox 1342 1814 1469 1858; x_wconf 91' lang='lat' dir='ltr'><em>quum</em></span> 
     </span>
     <span class='ocr_line' id='line_1_18' title="bbox 126 1867 1466 1928; baseline 0.001 -15"><span class='ocrx_word' id='word_1_92' title='bbox 126 1884 212 1913; x_wconf 84' lang='lat' dir='ltr'><em>non</em></span> <span class='ocrx_word' id='word_1_93' title='bbox 241 1869 374 1912; x_wconf 90' lang='lat' dir='ltr'><em>solum</em></span> <span class='ocrx_word' id='word_1_94' title='bbox 403 1868 449 1911; x_wconf 77' lang='lat' dir='ltr'><em>lii</em></span> <span class='ocrx_word' id='word_1_95' title='bbox 477 1869 563 1925; x_wconf 87' lang='lat' dir='ltr'><em>ipsi</em></span> <span class='ocrx_word' id='word_1_96' title='bbox 591 1875 816 1919; x_wconf 85' lang='lat' dir='ltr'><em>tractatus,</em></span> <span class='ocrx_word' id='word_1_97' title='bbox 848 1867 894 1910; x_wconf 88' lang='lat' dir='ltr'><em>in</em></span> <span class='ocrx_word' id='word_1_98' title='bbox 925 1868 1138 1912; x_wconf 80' lang='lat' dir='ltr'><em>codicibus</em></span> <span class='ocrx_word' id='word_1_99' title='bbox 1166 1871 1466 1928; x_wconf 76' lang='lat' dir='ltr'><em>manuscriptis</em></span> 
     </span>
     <span class='ocr_line' id='line_1_19' title="bbox 124 1936 1468 1997; baseline 0.001 -15"><span class='ocrx_word' id='word_1_100' title='bbox 124 1939 371 1997; x_wconf 88' lang='lat' dir='ltr'><em>plerumque</em></span> <span class='ocrx_word' id='word_1_101' title='bbox 400 1939 446 1981; x_wconf 90' lang='lat' dir='ltr'><em>in</em></span> <span class='ocrx_word' id='word_1_102' title='bbox 475 1950 606 1980; x_wconf 85' lang='lat' dir='ltr'><em>unum</em></span> <span class='ocrx_word' id='word_1_103' title='bbox 636 1936 826 1991; x_wconf 87' lang='lat' dir='ltr'><em>conflati,</em></span> <span class='ocrx_word' id='word_1_104' title='bbox 859 1947 894 1980; x_wconf 88' lang='lat' dir='ltr'><em>et</em></span> <span class='ocrx_word' id='word_1_105' title='bbox 909 1947 1138 1996; x_wconf 88' lang='lat' dir='ltr'><em>propterea</em></span> <span class='ocrx_word' id='word_1_106' title='bbox 1159 1954 1185 1983; x_wconf 93' lang='lat' dir='ltr'><em>a</em></span> <span class='ocrx_word' id='word_1_107' title='bbox 1207 1941 1314 1984; x_wconf 84' lang='lat' dir='ltr'><em>viris</em></span> <span class='ocrx_word' id='word_1_108' title='bbox 1338 1941 1468 1984; x_wconf 89' lang='lat' dir='ltr'><em>doctis</em></span> 
     </span>
     <span class='ocr_line' id='line_1_20' title="bbox 134 2007 1471 2066; baseline 0.001 -14"><span class='ocrx_word' id='word_1_109' title='bbox 134 2009 344 2066; x_wconf 81' lang='lat' dir='ltr'><em>hucusque</em></span> <span class='ocrx_word' id='word_1_110' title='bbox 381 2021 466 2050; x_wconf 91' lang='lat' dir='ltr'><em>non</em></span> <span class='ocrx_word' id='word_1_111' title='bbox 503 2016 610 2050; x_wconf 89' lang='lat' dir='ltr'><em>recte</em></span> <span class='ocrx_word' id='word_1_112' title='bbox 645 2020 720 2049; x_wconf 85' lang='lat' dir='ltr'><em>nec</em></span> <span class='ocrx_word' id='word_1_113' title='bbox 754 2007 866 2050; x_wconf 87' lang='lat' dir='ltr'><em>inter</em></span> <span class='ocrx_word' id='word_1_114' title='bbox 901 2022 943 2050; x_wconf 88' lang='lat' dir='ltr'><em>se</em></span> <span class='ocrx_word' id='word_1_115' title='bbox 978 2022 1051 2050; x_wconf 89' lang='lat' dir='ltr'><em>nec</em></span> <span class='ocrx_word' id='word_1_116' title='bbox 1089 2023 1117 2052; x_wconf 93' lang='lat' dir='ltr'><em>a</em></span> <span class='ocrx_word' id='word_1_117' title='bbox 1152 2011 1296 2053; x_wconf 90' lang='lat' dir='ltr'><em>ceteris</em></span> <span class='ocrx_word' id='word_1_118' title='bbox 1333 2009 1471 2054; x_wconf 85' lang='lat' dir='ltr'><em>Eddoe</em></span> 
     </span>
     <span class='ocr_line' id='line_1_21' title="bbox 126 2077 1475 2136; baseline 0.001 -15"><span class='ocrx_word' id='word_1_119' title='bbox 126 2079 328 2136; x_wconf 84' lang='lat' dir='ltr'><em>partibus</em></span> <span class='ocrx_word' id='word_1_120' title='bbox 360 2077 571 2129; x_wconf 85' lang='lat' dir='ltr'><em>distincti,</em></span> <span class='ocrx_word' id='word_1_121' title='bbox 602 2091 714 2119; x_wconf 89' lang='lat' dir='ltr'><em>nunc</em></span> <span class='ocrx_word' id='word_1_122' title='bbox 741 2091 864 2120; x_wconf 88' lang='lat' dir='ltr'><em>suum</em></span> <span class='ocrx_word' id='word_1_123' title='bbox 893 2079 1067 2136; x_wconf 90' lang='lat' dir='ltr'><em>quisque</em></span> <span class='ocrx_word' id='word_1_124' title='bbox 1096 2079 1229 2122; x_wconf 89' lang='lat' dir='ltr'><em>locum</em></span> <span class='ocrx_word' id='word_1_125' title='bbox 1254 2088 1406 2133; x_wconf 87' lang='lat' dir='ltr'><em>teneat,</em></span> <span class='ocrx_word' id='word_1_126' title='bbox 1439 2089 1475 2123; x_wconf 88' lang='lat' dir='ltr'><em>et</em></span> 
     </span>
     <span class='ocr_line' id='line_1_22' title="bbox 131 2147 1471 2207; baseline 0.001 -15"><span class='ocrx_word' id='word_1_127' title='bbox 131 2149 190 2191; x_wconf 87' lang='lat' dir='ltr'><em>ad</em></span> <span class='ocrx_word' id='word_1_128' title='bbox 223 2157 373 2191; x_wconf 85' lang='lat' dir='ltr'><em>certam</em></span> <span class='ocrx_word' id='word_1_129' title='bbox 403 2155 586 2199; x_wconf 87' lang='lat' dir='ltr'><em>aetatem,</em></span> <span class='ocrx_word' id='word_1_130' title='bbox 625 2147 665 2190; x_wconf 90' lang='lat' dir='ltr'><em>si</em></span> <span class='ocrx_word' id='word_1_131' title='bbox 700 2161 786 2190; x_wconf 85' lang='lat' dir='ltr'><em>non</em></span> <span class='ocrx_word' id='word_1_132' title='bbox 816 2156 1031 2200; x_wconf 79' lang='lat' dir='ltr'><em>auctores,</em></span> <span class='ocrx_word' id='word_1_133' title='bbox 1069 2150 1301 2206; x_wconf 84' lang='lat' dir='ltr'><em>referatur,</em></span> <span class='ocrx_word' id='word_1_134' title='bbox 1337 2151 1471 2207; x_wconf 87' lang='lat' dir='ltr'><em>fontes</em></span> 
     </span>
     <span class='ocr_line' id='line_1_23' title="bbox 133 2217 1474 2273; baseline 0.001 -12"><span class='ocrx_word' id='word_1_135' title='bbox 133 2227 348 2261; x_wconf 88' lang='lat' dir='ltr'><em>auctorum</em></span> <span class='ocrx_word' id='word_1_136' title='bbox 377 2218 424 2259; x_wconf 91' lang='lat' dir='ltr'><em>in</em></span> <span class='ocrx_word' id='word_1_137' title='bbox 452 2217 731 2273; x_wconf 74' lang='lat' dir='ltr'><em>scriptoribus</em></span> <span class='ocrx_word' id='word_1_138' title='bbox 762 2218 930 2261; x_wconf 88' lang='lat' dir='ltr'><em>Latinis</em></span> <span class='ocrx_word' id='word_1_139' title='bbox 975 2217 1337 2272; x_wconf 85' lang='lat' dir='ltr'><em>demonstrentur,</em></span> <span class='ocrx_word' id='word_1_140' title='bbox 1383 2220 1474 2263; x_wconf 87' lang='lat' dir='ltr'><em>loca</em></span> 
     </span>
     <span class='ocr_line' id='line_1_24' title="bbox 127 2286 1476 2346; baseline 0.001 -16"><span class='ocrx_word' id='word_1_141' title='bbox 127 2286 341 2346; x_wconf 84' lang='lat' dir='ltr'><em>parallela</em></span> <span class='ocrx_word' id='word_1_142' title='bbox 365 2301 417 2330; x_wconf 76' lang='lat' dir='ltr'><em>ex</em></span> <span class='ocrx_word' id='word_1_143' title='bbox 433 2286 558 2330; x_wconf 85' lang='lat' dir='ltr'><em>libris</em></span> <span class='ocrx_word' id='word_1_144' title='bbox 573 2289 944 2343; x_wconf 78' lang='lat' dir='ltr'><em>qrammaticorum</em></span> <span class='ocrx_word' id='word_1_145' title='bbox 958 2288 1222 2342; x_wconf 87' lang='lat' dir='ltr'><em>Latinorum,</em></span> <span class='ocrx_word' id='word_1_146' title='bbox 1252 2290 1476 2333; x_wconf 84' lang='lat' dir='ltr'><em>Prisciani</em></span> 
     </span>
     <span class='ocr_line' id='line_1_25' title="bbox 132 2356 1475 2415; baseline 0.003 -16"><span class='ocrx_word' id='word_1_147' title='bbox 132 2357 331 2415; x_wconf 86' lang='lat' dir='ltr'><em>inprimis</em></span> <span class='ocrx_word' id='word_1_148' title='bbox 365 2365 399 2400; x_wconf 90' lang='lat' dir='ltr'><em>et</em></span> <span class='ocrx_word' id='word_1_149' title='bbox 423 2356 588 2400; x_wconf 90' lang='lat' dir='ltr'><em>Donati</em></span> <span class='ocrx_word' id='word_1_150' title='bbox 615 2357 858 2400; x_wconf 84' lang='lat' dir='ltr'><em>addantur:</em></span> <span class='ocrx_word' id='word_1_151' title='bbox 887 2357 962 2401; x_wconf 90' lang='lat' dir='ltr'><em>sed</em></span> <span class='ocrx_word' id='word_1_152' title='bbox 990 2359 1113 2402; x_wconf 89' lang='lat' dir='ltr'><em>etiam</em></span> <span class='ocrx_word' id='word_1_153' title='bbox 1141 2360 1188 2403; x_wconf 90' lang='lat' dir='ltr'><em>in</em></span> <span class='ocrx_word' id='word_1_154' title='bbox 1212 2359 1475 2403; x_wconf 89' lang='lat' dir='ltr'><em>additamen-</em></span> 
     </span>
     <span class='ocr_line' id='line_1_26' title="bbox 133 2426 1476 2485; baseline 0.002 -15"><span class='ocrx_word' id='word_1_155' title='bbox 133 2427 209 2479; x_wconf 88' lang='lat' dir='ltr'><em>tis,</em></span> <span class='ocrx_word' id='word_1_156' title='bbox 242 2441 332 2485; x_wconf 85' lang='lat' dir='ltr'><em>quae</em></span> <span class='ocrx_word' id='word_1_157' title='bbox 355 2440 492 2470; x_wconf 86' lang='lat' dir='ltr'><em>omnes</em></span> <span class='ocrx_word' id='word_1_158' title='bbox 514 2426 718 2484; x_wconf 85' lang='lat' dir='ltr'><em>reliquias</em></span> <span class='ocrx_word' id='word_1_159' title='bbox 737 2428 1112 2472; x_wconf 86' lang='lat' dir='ltr'><em>vetustissimorum</em></span> <span class='ocrx_word' id='word_1_160' title='bbox 1127 2430 1313 2473; x_wconf 88' lang='lat' dir='ltr'><em>codicum</em></span> <span class='ocrx_word' id='word_1_161' title='bbox 1327 2444 1476 2473; x_wconf 88' lang='lat' dir='ltr'><em>manu-</em></span> 
     </span>
     <span class='ocr_line' id='line_1_27' title="bbox 135 2496 1476 2556; baseline 0.003 -17"><span class='ocrx_word' id='word_1_162' title='bbox 135 2496 389 2554; x_wconf 85' lang='lat' dir='ltr'><em>scriptorum</em></span> <span class='ocrx_word' id='word_1_163' title='bbox 430 2509 543 2539; x_wconf 86' lang='lat' dir='ltr'><em>nunc</em></span> <span class='ocrx_word' id='word_1_164' title='bbox 580 2497 822 2554; x_wconf 87' lang='lat' dir='ltr'><em>superstites</em></span> <span class='ocrx_word' id='word_1_165' title='bbox 863 2498 1206 2556; x_wconf 89' lang='lat' dir='ltr'><em>complectuntur,</em></span> <span class='ocrx_word' id='word_1_166' title='bbox 1247 2508 1331 2544; x_wconf 84' lang='lat' dir='ltr'><em>tota</em></span> <span class='ocrx_word' id='word_1_167' title='bbox 1366 2501 1476 2543; x_wconf 87' lang='lat' dir='ltr'><em>ratio</em></span> 
     </span>
     <span class='ocr_line' id='line_1_28' title="bbox 137 2565 1476 2628; baseline 0.004 -20"><span class='ocrx_word' id='word_1_168' title='bbox 137 2567 276 2623; x_wconf 91' lang='lat' dir='ltr'><em>operis</em></span> <span class='ocrx_word' id='word_1_169' title='bbox 314 2565 527 2608; x_wconf 85' lang='lat' dir='ltr'><em>condendi</em></span> <span class='ocrx_word' id='word_1_170' title='bbox 563 2575 599 2609; x_wconf 89' lang='lat' dir='ltr'><em>et</em></span> <span class='ocrx_word' id='word_1_171' title='bbox 637 2568 762 2624; x_wconf 82' lang='lat' dir='ltr'><em>quasi</em></span> <span class='ocrx_word' id='word_1_172' title='bbox 797 2568 892 2625; x_wconf 82' lang='lat' dir='ltr'><em>ipsa</em></span> <span class='ocrx_word' id='word_1_173' title='bbox 921 2569 1101 2612; x_wconf 85' lang='lat' dir='ltr'><em>historia</em></span> <span class='ocrx_word' id='word_1_174' title='bbox 1129 2569 1324 2613; x_wconf 89' lang='lat' dir='ltr'><em>literaria</em></span> <span class='ocrx_word' id='word_1_175' title='bbox 1353 2570 1476 2628; x_wconf 83' lang='lat' dir='ltr'><em>hujus</em></span> 
     </span>
     <span class='ocr_line' id='line_1_29' title="bbox 141 2635 1078 2695; baseline 0.006 -19"><span class='ocrx_word' id='word_1_176' title='bbox 141 2635 390 2678; x_wconf 83' lang='lat' dir='ltr'><em>collectionis</em></span> <span class='ocrx_word' id='word_1_177' title='bbox 421 2635 598 2678; x_wconf 87' lang='lat' dir='ltr'><em>Eddicoe</em></span> <span class='ocrx_word' id='word_1_178' title='bbox 625 2637 752 2693; x_wconf 89' lang='lat' dir='ltr'><em>plane</em></span> <span class='ocrx_word' id='word_1_179' title='bbox 774 2638 1078 2695; x_wconf 85' lang='lat' dir='ltr'><em>perspiciatur.</em></span> 
     </span>
    </p>
   </div>
   <div class='ocr_carea' id='block_1_8' title="bbox 134 2705 1478 2833">
    <p class='ocr_par' dir='ltr' id='par_1_8' title="bbox 134 2705 1478 2833">
     <span class='ocr_line' id='line_1_30' title="bbox 269 2705 1478 2766; baseline 0.003 -18"><span class='ocrx_word' id='word_1_180' title='bbox 269 2705 469 2749; x_wconf 84' lang='lat' dir='ltr'><em>Contenta</em></span> <span class='ocrx_word' id='word_1_181' title='bbox 512 2706 635 2763; x_wconf 78' lang='lat' dir='ltr'><em>liujus</em></span> <span class='ocrx_word' id='word_1_182' title='bbox 678 2707 902 2751; x_wconf 82' lang='lat' dir='ltr'><em>voluminis</em></span> <span class='ocrx_word' id='word_1_183' title='bbox 949 2708 1129 2752; x_wconf 83' lang='lat' dir='ltr'><em>breviter</em></span> <span class='ocrx_word' id='word_1_184' title='bbox 1170 2709 1362 2766; x_wconf 85' lang='lat' dir='ltr'><em>deinceps</em></span> <span class='ocrx_word' id='word_1_185' title='bbox 1407 2723 1478 2752; x_wconf 81' lang='lat' dir='ltr'><em>ex-</em></span> 
     </span>
     <span class='ocr_line' id='line_1_31' title="bbox 134 2775 788 2833; baseline 0.002 -15"><span class='ocrx_word' id='word_1_186' title='bbox 134 2788 364 2830; x_wconf 82' lang='lat' dir='ltr'><em>ponemus,</em></span> <span class='ocrx_word' id='word_1_187' title='bbox 410 2789 502 2833; x_wconf 84' lang='lat' dir='ltr'><em>quoe</em></span> <span class='ocrx_word' id='word_1_188' title='bbox 542 2775 627 2819; x_wconf 84' lang='lat' dir='ltr'><em>hoec</em></span> <span class='ocrx_word' id='word_1_189' title='bbox 660 2786 788 2820; x_wconf 89' lang='lat' dir='ltr'><em>sunt:</em></span> 
     </span>
    </p>
   </div>
  </div>
 </body>
</html>
