1832 3294
114 198 187 241 Vl.
226 196 304 242 26.
596 216 786 250 mennas
820 217 1084 251 onA'rioMs.
1376 201 1471 251 247

211 335 291 381 26.
379 337 710 382 SYNArnmsmos
756 338 1158 404 (συναθροισμός)
1204 350 1267 387 est
1308 343 1469 404 figura,

110 431 194 476 qua
230 417 374 462 laudes
412 424 484 462 aut
521 419 614 462 vitia
653 434 734 462 uno
770 419 904 478 capite
941 426 983 464 et
1018 421 1201 467 clausula
1230 423 1315 468 sive
1345 440 1467 470 versu

109 497 283 542 collecta
328 505 425 542 sunt
470 498 509 542 in
556 514 750 542 sermone
787 499 947 558 latin0‚
996 516 1076 545 una
1121 508 1261 547 autem
1298 505 1469 565 stropha

109 582 184 620 aut
219 578 405 636 pluribus
441 578 480 621 in
518 593 714 622 sermone
751 580 1108 639 septemtrionali,
1155 590 1201 627 ut
1236 584 1315 628 hoc
1350 585 1466 630 loco:

375 658 522 703 Abelis
558 664 725 702 aetatem
762 658 977 703 candidam

374 737 642 782 commendat
676 738 928 782 innocentia.

372 819 540 863 Morum
578 818 820 877 integritas,
859 820 1052 865 omnibus
1089 822 1324 868 hominibus

372 905 505 956 nota,
543 898 757 943 liberalem
793 900 1012 944 Enochum
1050 901 1204 947 laudat.

371 980 494 1023 AEtas
531 979 693 1023 robusti
731 980 888 1023 Noaclii

322 1108 325 1109 ⁷
356 1060 542 1118 *egregia
579 1060 769 1104 castitate
806 1061 1012 1106 laudatur.

374 1139 574 1183 Sacrificii
611 1140 822 1185 celebrata
859 1141 1097 1187 observatio

373 1222 547 1265 Semum
584 1222 796 1281 perpetuis
834 1222 1027 1267 laudibus
1065 1223 1201 1268 effert.

470 1301 594 1345 Fides
631 1301 774 1346 laudat
807 1302 983 1346 Abrami
1019 1310 1201 1348 aetatem.

373 1382 616 1442 Sapientem
651 1384 841 1427 Isaacum
878 1383 1020 1428 laudat

373 1477 485 1522 spes.
556 1463 802 1507 Amabilitas
837 1464 984 1508 Jacobi
1020 1464 1273 1523 singularem

373 1543 497 1586 animi
535 1544 817 1603 praestantiam
854 1544 1089 1604 pollicetur.

374 1623 599 1682 Perspicua
635 1624 923 1684 interpretatio
962 1632 1252 1684 portentorum

1 1683 8 1758 l
372 1709 541 1747 aetatem
575 1705 750 1764 Josephi
787 1704 990 1749 celebrat.

7 1763 8 1786 ³
373 1783 593 1827 Excellens
629 1784 784 1829 Arouis
821 1785 1094 1829 ministerium

5 1850 8 1933 l
373 1870 417 1908 et
453 1864 532 1908 vita
569 1865 772 1924 populum
806 1865 887 1909 Dei
922 1864 1204 1909 commendat.

0 1942 7 2020 l
474 1958 747 2018 Splendidum
783 1960 958 2019 Moysen
996 1959 1138 2004 laudat

0 2021 5 2072 l
372 2039 441 2082 illa
478 2039 653 2083 {lammis
690 2040 913 2099 conspicua
954 2039 1035 2083 leX.

375 2120 461 2177 Te7
498 2119 680 2163 universi
716 2119 859 2163 mundi
894 2134 993 2177 rex,
1032 2118 1204 2162 laudant

375 2214 520 2244 omnes
558 2199 747 2243 homines
784 2214 879 2242 cum
914 2214 1056 2242 rerum
1093 2198 1375 2243 universitate.

112 2295 276 2341 Eodem
312 2294 400 2353 ipso
438 2293 563 2338 modo
598 2293 686 2336 liaec
722 2292 855 2351 figura
892 2300 957 2337 est
993 2293 1185 2337 vitiorum
1222 2291 1427 2336 collecti0.

113 2489 335 2524 festinatione
358 2488 544 2520 docui-rien
593 2488 648 2519 De
669 2487 952 2530 synacltroismo
977 2487 1064 2520 vide
1080 2486 1209 2527 Quint.
1225 2487 1263 2528 8,
1288 2486 1324 2518 4.
1345 2485 1413 2519 28.
1427 2503 1471 2508 —

113 2550 147 2594 ²)
172 2551 229 2584 sic
255 2561 304 2583 ea:
329 2549 575 2590 conjectura,-
611 2547 694 2587 allr,
729 2548 779 2580 W.
