1832 3294
103 251 178 296 ΙΙΙ.
219 248 292 295 12-
582 266 771 299 meum:
799 264 1060 298 onA'rloNJs.
1359 245 1450 292 115

103 391 149 434 In
187 388 374 451 partibus
410 388 605 433 orationis
641 387 688 432 fit
726 387 1031 447 Soloecismus,
1078 402 1206 449 quum
1243 387 1317 431 alia
1354 402 1450 448 pars

103 471 301 517 orationis
338 486 412 532 pro
450 469 527 514 alia
564 469 754 529 ponitur,
792 475 837 513 ut
873 470 913 512 in
949 469 1010 512 his
1047 468 1268 514 versibus:

301 553 475 597 Fractor
510 550 645 595 annuli
682 550 845 594 sortiter
879 550 1082 609 processit

303 632 496 678 omnibus
532 637 656 675 notus
693 630 733 674 in
769 631 976 691 proelium.

102 715 197 761 Hoc
250 715 342 760 loco
394 729 546 758 nomen
598 709 855 757 ltraustan
911 712 1079 772 ponitur
1126 728 1202 772 pro
1255 712 1450 758 adverbio

102 793 413 856 ltraustlz’ya.
484 793 700 839 Interdum
730 793 1009 838 Soloecismus
1038 793 1108 852 fit,
1146 809 1274 854 quum
1304 794 1449 839 eadem

104 877 302 922 orationis
329 892 424 938 pars
451 874 790 920 inconvenienter
817 873 1061 934 adhibetur,
1098 874 1449 935 quemadmodum

103 958 349 1004 Thorleivus
385 960 583 1019 Dynastae
618 959 778 1017 poetaa
813 955 990 1001 cecinit:

302 1038 538 1085 Habuimus
575 1038 614 1082 in
652 1044 727 1096 te,
762 1036 946 1095 Hakon,

304 1136 433 1182 quum
469 1120 520 1165 ad
555 1120 781 1164 tumultum
816 1118 938 1178 gladii
974 1119 1275 1180 processimus,

303 1208 349 1247 tu
383 1201 625 1247 rubefecisti
662 1200 863 1261 Sk'ogulae
899 1200 1072 1245 nubium

303 1298 463 1343 noxas,
509 1283 726 1343 egregium
761 1281 1014 1343 praesidium.

104 1367 199 1413 Hoc
233 1365 325 1410 loco
362 1364 601 1425 praepositio
636 1366 656 1409 ἰ’
690 1364 776 1423 (ἰη)
814 1363 982 1424 ponitur
1017 1379 1092 1424 pro
1127 1364 1196 1424 af
1224 1363 1322 1422 (ab,
1361 1363 1449 1423 ex).

104 1446 346 1493 Accidentia
392 1445 571 1506 partium
607 1452 703 1490 sunt
738 1444 991 1490 duodecim:
1044 1461 1291 1504 QUALH‘AS,
1339 1461 1452 1488 oom-

105 1544 314 1587 PARATIO,
352 1543 521 1586 omo-s,
557 1542 792 1585 Nummus,
830 1543 1004 1587 FORMA,
1043 1542 1199 1585 Cissus,
1236 1541 1450 1583 PERSONA,

107 1625 430 1667 SlGNlFICATIO,
474 1623 674 1666 TEMPUS,
719 1624 985 1652 CONJUGATio
1010 1642 1020 1666 ,
1059 1622 1305 1666 PoTEsTAs,
1344 1623 1452 1650 coN-

107 1706 336 1745 srnucrio,
373 1689 413 1733 in
443 1689 592 1750 quibus
622 1689 813 1733 omnibus
842 1688 1127 1734 accidentibus
1149 1703 1277 1749 quum
1297 1688 1452 1732 Soloe-

108 1771 259 1816 cismus
295 1771 392 1829 fiat,
429 1784 558 1831 pauca
586 1777 726 1814 tamen
755 1786 805 1814 ex
834 1769 894 1813 his
924 1769 1172 1814 describam.
1242 1770 1288 1813 In
1315 1768 1454 1829 quali-

107 1858 194 1897 tate
228 1852 441 1897 nominum
479 1851 759 1896 Soloecismus
795 1851 864 1910 fit,
901 1857 949 1896 ut
984 1851 1179 1897 Snorrius
1216 1849 1388 1895 cecinit:

108 1987 178 2020 ”Et
197 1997 272 2021 cum
296 1986 487 2021 accidentia
506 1987 655 2031 partium
673 1986 840 2020 orationis
855 1986 1049 2028 immutant,
1075 1985 1290 2030 qualitatem,
1315 1995 1457 2028 genera,

108 2059 308 2092 numerum,
333 2050 502 2092 figuram,
529 2060 722 2092 personas,
747 2049 886 2081 ordines
902 2074 911 2092 ,
937 2052 1109 2092 tempora,
1135 2046 1457 2090 significationes’'‚

111 2108 261 2144 Charis.
282 2110 367 2144 libr.
388 2107 450 2144 11⁷.
464 2135 474 2154 ,
501 2111 600 2154 apud
621 2111 774 2144 Pulsch.
794 2111 893 2144 240.
919 2129 965 2134 —
1002 2109 1259 2142 ’'Soloecismus
1284 2110 1323 2141 fit
1346 2108 1457 2141 modis

108 2171 331 2214 generalibus
357 2173 470 2205 decem
498 2175 531 2205 et
555 2175 717 2216 quatuor,
745 2178 822 2215 aut,
850 2176 884 2205 ut
909 2172 1067 2217 quidam,
1095 2170 1302 2215 quindecim:
1330 2169 1457 2202 immu-

109 2233 242 2266 tatione
265 2243 441 2277 generum,
467 2237 535 2266 tam
562 2234 709 2266 nominis
734 2245 832 2278 quam
859 2233 1084 2278 pronominis,
1112 2243 1267 2275 casuum,
1292 2241 1458 2264 numero-

109 2305 199 2338 rum,
224 2304 469 2338 personarum,
495 2296 704 2338 temporum,
734 2306 792 2338 per
818 2296 1014 2339 qualitatem
1037 2295 1230 2336 verborum,
1256 2303 1316 2336 per
1339 2292 1459 2325 modos

109 2355 304 2399 verborum,
333 2367 392 2399 per
417 2355 600 2399 adverbia,
628 2367 688 2399 per
711 2357 992 2400 praepositiones,
1019 2367 1078 2400 per
1100 2356 1226 2398 gradus
1248 2353 1458 2396 collationis,

111 2428 172 2462 per
185 2417 450 2459 geminationem
467 2418 645 2460 abnuendi,
672 2429 732 2461 per
747 2421 921 2461 accentus,
947 2429 1007 2461 per
1021 2417 1151 2451 ordinis
1166 2414 1459 2457 immutationes'',

111 2478 278 2513 Diomed.
300 2479 385 2512 libr.
411 2479 479 2522 ΙΙ.,
507 2490 566 2522 ap.
589 2477 743 2513 Putsch.
766 2479 856 2513 447.
881 2500 926 2503 -
953 2479 987 2522 ⁷)
1012 2479 1113 2521 forte
1138 2476 1178 2511 1ιὶ
1201 2487 1339 2511 versus
1365 2474 1462 2518 facti

112 2546 202 2573 sunt
215 2551 312 2574 anno
327 2541 526 2584 1209-10,
555 2552 624 2586 qua
638 2541 756 2575 hieme
771 2542 971 2585 episcopus
989 2537 1231 2574 Gudmzmdus
1241 2538 1328 2572 Arii
1341 2537 1459 2580 filius,

111 2605 201 2644 post
210 2602 385 2646 proelium
396 2602 509 2636 Holis
522 2602 678 2647 factum,
692 2604 893 2647 Reyklzolti
906 2604 1005 2646 apud
1017 2602 1250 2635 Snorronem
1259 2600 1462 2633 Sturloeum

114 2669 365 2697 commoratus
390 2669 447 2697 est
468 2661 591 2706 (Hist.
607 2664 726 2698 Slurl.
743 2665 828 2698 libr.
844 2662 880 2698 4.
893 2677 929 2708 p.
945 2663 1109 2706 1043).

197 2724 236 2768 a)
258 2724 469 2767 Intelligitur
482 2725 690 2758 Thorleivus
704 2726 867 2767 Asgeiris
882 2726 1043 2759 Rodfeldi
1058 2725 1149 2757 filius
1162 2749 1171 2767 ,
1199 2724 1239 2755 de
1252 2732 1314 2766 quo
1330 2729 1460 2752 narra-

116 2779 302 2815 tiunculam
326 2779 404 2815 vide
426 2784 526 2817 Fms.
545 2785 588 2826 3,
613 2783 677 2826 89,
703 2784 742 2816 it.
765 2783 831 2816 lsc.
848 2783 887 2816 S.
912 2785 1022 2816 Havn.
1050 2782 1148 2814 1813.
1175 2793 1205 2823 p.
1226 2781 1293 2812 208
1316 2777 1460 2810 et-flist.

117 2838 430 2873 svarsdalensium.

1157 2909 1203 2939 83}
