1878 3309
31 238 62 281 l.
101 236 143 281 G.
517 254 573 284 m:
600 254 883 285 Am’rmssss‘ro.
1302 234 1359 280 31

33 378 95 422 his
131 376 319 421 omnibus
356 375 571 431 adtribuo,
608 381 653 418 ut
689 375 857 432 singulm
894 391 1100 436 nunquam
1134 377 1207 419 nisi
1246 376 1363 420 unius

34 459 161 503 literze
189 462 435 518 potestatem
464 453 657 512 habeant,
694 456 778 500 sive
797 456 1002 501 vocalibus
1023 457 1060 500 in
1080 458 1232 518 syllaba
1252 474 1363 518 prae-

33 545 261 600 ponantur,
303 536 388 581 sive
425 541 754 595 postponantur3
808 544 1012 597 excepto,
1056 538 1220 600 quando
1257 554 1362 583 con-

34 627 264 677 sonantem,
293 632 581 678 quamcunque
601 616 766 660 tandem
785 616 975 677 scribam,
1006 620 1131 663 vocali
1152 620 1190 663 in
1210 619 1364 680 syllaba

34 701 329 763 postpositam,
367 699 498 757 figura
535 698 662 742 literae
697 697 936 757 majusculae
972 715 1240 760 expressero:
1276 708 1364 746 tum

31 784 142 828 enim
178 781 272 826 huic
306 780 377 825 uni
412 779 585 824 eandem
622 778 795 838 subjicio
829 778 932 838 vim,
969 795 1015 824 ac
1049 781 1081 824 si
1117 781 1209 825 duae
1243 782 1364 826 unius

31 862 303 924 ejusdemque
323 860 536 922 potestatis
556 860 716 920 scriptae
735 866 888 919 essent,
925 876 975 905 eo
994 861 1092 920 fine,
1128 869 1176 906 ut
1200 863 1365 923 scriptio

31 944 197 990 brevior
230 950 272 988 et
304 942 476 988 celerior
511 942 605 999 fiat,
641 941 966 1003 membranaque
995 942 1146 988 diutius
1175 944 1363 989 sufficiat.

31 1025 155 1081 Quod
191 1030 329 1069 autem
364 1023 518 1068 adtinet
553 1022 603 1066 ad
632 1038 701 1067 eas
731 1023 892 1082 literaS,
929 1040 1104 1084 quarum
1134 1025 1298 1070 nomina
1326 1025 1365 1069 in

30 1107 211 1152 vocalem
236 1105 452 1164 desinunt,
489 1111 534 1149 ut
559 1111 655 1149 sunt
682 1103 733 1164 b,
764 1119 813 1164 c,
845 1103 903 1163 d,
925 1120 984 1164 y,
1018 1119 1076 1164 p,
1116 1112 1153 1166 t,
1191 1122 1367 1167 quarum

31 1188 286 1248 singularum
315 1186 478 1231 nomina
504 1185 654 1230 idcirco
682 1185 885 1246 duplicem
913 1192 1161 1246 potestatem
1187 1187 1366 1233 reddere

31 1285 112 1314 non
139 1274 313 1329 possunt
332 1282 343 1313 :
380 1283 430 1312 ea
448 1268 488 1311 in
507 1283 629 1312 causa
652 1282 803 1311 nomon
824 1266 954 1311 literae
974 1267 1212 1327 majusculae
1231 1276 1364 1329 muto,

31 1350 214 1396 vocalem
234 1349 528 1410 praeponendo,
563 1355 608 1393 ut
627 1348 871 1408 amplificata
892 1349 1066 1393 nominis
1086 1350 1365 1409 pronuntiatio

30 1431 241 1492 potestati,
277 1445 400 1491 quam
428 1429 583 1475 hahere
614 1428 769 1474 debent
796 1429 833 1472 in
854 1445 1062 1487 sermone,
1098 1431 1363 1491 respondeat.

31 1512 163 1572 Igitur
191 1526 366 1572 quaeque
393 1526 621 1555 consonans
650 1516 806 1555 tantum
830 1512 1044 1570 potestatis
1064 1511 1202 1556 addito
1223 1513 1365 1571 vocali,

31 1609 125 1654 quae
159 1593 199 1637 in
234 1592 359 1652 ipsius
395 1593 558 1636 nomine
586 1597 672 1651 est,
709 1598 907 1652 quantum
936 1592 1089 1637 addere
1119 1593 1244 1638 debet
1271 1594 1365 1638 cui-

35 1690 197 1735 cunque
225 1673 290 1717 alii
317 1673 465 1732 vocali,
503 1688 677 1733 quacum
705 1673 742 1715 in
772 1688 940 1733 quoque
969 1689 1161 1718 sermone
1189 1675 1367 1734 conjun-

33 1762 168 1815 gatur.
237 1754 417 1812 Idcirco,
454 1753 793 1814 quandoquidem
825 1754 913 1797 alia:
948 1762 1221 1800 consonantes
1250 1772 1367 1800 suam

33 1835 187 1881 habent
204 1835 394 1895 figuram,
420 1850 569 1879 nomen
590 1841 631 1879 et
650 1840 913 1895 potestatem,
944 1836 1030 1880 aliae
1050 1836 1368 1896 majuscularum

33 1917 224 1977 figuram,
260 1932 410 1961 nomen
440 1922 483 1961 et
509 1922 773 1976 potestatem,
812 1916 897 1960 aliae
917 1917 1092 1976 figuram
1113 1917 1366 1976 majusculae,

29 1997 291 2044 commutatis
326 1997 501 2042 nominis
539 1997 696 2057 literis,
751 1998 994 2057 amplificata
1040 2005 1081 2043 et
1116 1999 1289 2043 nominis
1327 2006 1369 2044 ct

34 2080 247 2141 potestatis
284 2078 638 2140 pronuntiatione,
676 2078 765 2122 aliae
800 2079 976 2138 figuram
1012 2095 1128 2124 suam
1163 2080 1367 2139 retinent,

33 2160 240 2205 deminuta
275 2159 448 2204 nominis
483 2160 846 2220 pronuntiatione,
883 2167 1122 2220 potestate,
1167 2177 1291 2222 quam
1327 2162 1367 2206 in

35 2256 228 2286 sermone
248 2240 402 2286 habere
422 2240 615 2300 debeant,
636 2256 729 2285 cum
748 2241 942 2285 nominali
961 2248 1166 2301 potestate
1186 2249 1367 2303 aequata:

30 2321 116 2381 jam
150 2328 194 2366 et
220 2321 374 2381 figuras
405 2338 547 2367 earum
584 2329 625 2367 et
651 2322 813 2366 nomina
843 2323 1119 2383 suprascripta
1146 2324 1367 2368 ostendere

34 2401 241 2462 conabor,
275 2409 322 2448 ut
357 2418 448 2464 quae
483 2410 601 2447 antea
630 2403 837 2463 sigillatim
869 2410 965 2447 sunt
992 2403 1224 2464 disputata,
1261 2421 1370 2450 nunc

35 2483 205 2529 collecta
241 2483 432 2528 universe
467 2484 504 2527 in
541 2490 807 2545 conspectum
843 2484 1019 2529 cadant:

50 2577 110 2638 b,
185 2581 250 2639 B,
327 2595 380 2639 ⁰7
459 2575 528 2640 Κ)
606 2578 662 2638 d>
730 2581 802 2638 D,
880 2582 924 2642 s>
1002 2583 1068 2640 F,
1146 2596 1203 2641 g,
1274 2582 1342 2640 G)

36 2659 121 2719 be,
164 2660 270 2718 ebb,
307 2662 407 2718 che,
444 2678 539 2721 ecc,
591 2662 668 2719 (le,
714 2660 816 2718 edd,
865 2662 934 2716 el,
989 2664 1073 2723 ell',
1127 2679 1210 2722 ge,
1257 2678 1366 2722 egg,
