<?xml version="1.0" encoding="UTF-8"?>
<!DOCTYPE html PUBLIC "-//W3C//DTD XHTML 1.0 Transitional//EN"
    "http://www.w3.org/TR/xhtml1/DTD/xhtml1-transitional.dtd">
<html xmlns="http://www.w3.org/1999/xhtml" xml:lang="en" lang="en">
 <head>
  <title>
</title>
<meta http-equiv="Content-Type" content="text/html;charset=utf-8" />
  <meta name='ocr-system' content='tesseract 3.04.00' />
  <meta name='ocr-capabilities' content='ocr_page ocr_carea ocr_par ocr_line ocrx_word'/>
</head>
<body>
  <div class='ocr_page' id='page_1' title='image "./eddasnorrasturlu02hafnuoft_0157.png"; bbox 0 0 1832 3294; ppageno 0'>
   <div class='ocr_carea' id='block_1_1' title="bbox 0 0 55 3294">
    <p class='ocr_par' dir='ltr' id='par_1_1' title="bbox 0 0 55 3294">
     <span class='ocr_line' id='line_1_1' title="bbox 0 0 55 3294; baseline 0 0"><span class='ocrx_word' id='word_1_1' title='bbox 0 0 55 3294; x_wconf 95' lang='lat' dir='ltr'> </span> 
     </span>
    </p>
   </div>
   <div class='ocr_carea' id='block_1_2' title="bbox 74 235 1412 290">
    <p class='ocr_par' dir='ltr' id='par_1_2' title="bbox 74 235 1412 290">
     <span class='ocr_line' id='line_1_2' title="bbox 74 235 1412 290; baseline 0 -1"><span class='ocrx_word' id='word_1_2' title='bbox 74 239 148 285; x_wconf 85' lang='lat'><strong>111·</strong></span> <span class='ocrx_word' id='word_1_3' title='bbox 190 236 263 284; x_wconf 87' lang='lat'>14·</span> <span class='ocrx_word' id='word_1_4' title='bbox 527 256 715 289; x_wconf 62' lang='lat' dir='ltr'>Flauum</span> <span class='ocrx_word' id='word_1_5' title='bbox 741 256 999 290; x_wconf 75' lang='lat' dir='ltr'>onA&#39;rioNJS.</span> <span class='ocrx_word' id='word_1_6' title='bbox 1321 235 1412 285; x_wconf 83' lang='lat'>139</span> 
     </span>
    </p>
   </div>
   <div class='ocr_carea' id='block_1_3' title="bbox 20 375 1417 1978">
    <p class='ocr_par' dir='ltr' id='par_1_3' title="bbox 169 375 1413 443">
     <span class='ocr_line' id='line_1_3' title="bbox 169 375 1413 443; baseline 0 -19"><span class='ocrx_word' id='word_1_7' title='bbox 169 379 362 442; x_wconf 74' lang='lat' dir='ltr'>ExrAsrs</span> <span class='ocrx_word' id='word_1_8' title='bbox 398 375 627 436; x_wconf 80' lang='grc' dir='ltr'><strong>(ἔκτασις)</strong></span> <span class='ocrx_word' id='word_1_9' title='bbox 664 385 727 423; x_wconf 90' lang='lat' dir='ltr'>est</span> <span class='ocrx_word' id='word_1_10' title='bbox 763 378 968 424; x_wconf 85' lang='lat' dir='ltr'>contraria</span> <span class='ocrx_word' id='word_1_11' title='bbox 1003 377 1208 443; x_wconf 81' lang='lat' dir='ltr'>Systolae,</span> <span class='ocrx_word' id='word_1_12' title='bbox 1242 377 1413 424; x_wconf 84' lang='lat' dir='ltr'>brevem</span> 
     </span>
    </p>

    <p class='ocr_par' dir='ltr' id='par_1_4' title="bbox 73 457 909 586">
     <span class='ocr_line' id='line_1_4' title="bbox 73 457 909 521; baseline 0.001 -18"><span class='ocrx_word' id='word_1_13' title='bbox 73 457 274 521; x_wconf 80' lang='lat' dir='ltr'>syllabam</span> <span class='ocrx_word' id='word_1_14' title='bbox 308 457 462 503; x_wconf 79' lang='lat' dir='ltr'>faciens</span> <span class='ocrx_word' id='word_1_15' title='bbox 497 459 696 518; x_wconf 85' lang='lat' dir='ltr'>longam,</span> <span class='ocrx_word' id='word_1_16' title='bbox 733 465 779 504; x_wconf 91' lang='lat' dir='ltr'>ut</span> <span class='ocrx_word' id='word_1_17' title='bbox 814 460 909 505; x_wconf 87' lang='lat' dir='ltr'>hic:</span> 
     </span>
     <span class='ocr_line' id='line_1_5' title="bbox 366 536 859 586; baseline -0.004 0"><span class='ocrx_word' id='word_1_18' title='bbox 366 538 419 586; x_wconf 77' lang='grc' dir='ltr'>ὀί</span> <span class='ocrx_word' id='word_1_19' title='bbox 453 536 686 585; x_wconf 72' lang='grc' dir='ltr'>τοννάόἱη</span> <span class='ocrx_word' id='word_1_20' title='bbox 722 536 859 585; x_wconf 77' lang='grc' dir='ltr'><em>Ιιόῖα.</em></span> 
     </span>
    </p>

    <p class='ocr_par' dir='ltr' id='par_1_5' title="bbox 20 620 1414 844">
     <span class='ocr_line' id='line_1_6' title="bbox 72 620 1414 682; baseline 0.001 -16"><span class='ocrx_word' id='word_1_21' title='bbox 72 621 178 666; x_wconf 86' lang='lat' dir='ltr'>Haec</span> <span class='ocrx_word' id='word_1_22' title='bbox 212 620 346 680; x_wconf 84' lang='lat' dir='ltr'>figura</span> <span class='ocrx_word' id='word_1_23' title='bbox 379 621 528 666; x_wconf 90' lang='lat' dir='ltr'>multas</span> <span class='ocrx_word' id='word_1_24' title='bbox 564 620 692 665; x_wconf 89' lang='lat' dir='ltr'>habet</span> <span class='ocrx_word' id='word_1_25' title='bbox 726 621 885 681; x_wconf 90' lang='lat' dir='ltr'>species</span> <span class='ocrx_word' id='word_1_26' title='bbox 921 621 962 665; x_wconf 92' lang='lat' dir='ltr'>in</span> <span class='ocrx_word' id='word_1_27' title='bbox 996 621 1183 667; x_wconf 88' lang='lat' dir='ltr'>versibus</span> <span class='ocrx_word' id='word_1_28' title='bbox 1213 621 1414 682; x_wconf 79' lang='lat' dir='ltr'>(latinis),</span> 
     </span>
     <span class='ocr_line' id='line_1_7' title="bbox 20 688 1413 763; baseline 0.001 -17"><span class='ocrx_word' id='word_1_29' title='bbox 20 719 21 723; x_wconf 48' lang='lat'>¹</span> <span class='ocrx_word' id='word_1_30' title='bbox 74 701 114 746; x_wconf 90' lang='lat' dir='ltr'>in</span> <span class='ocrx_word' id='word_1_31' title='bbox 149 688 266 763; x_wconf 68' lang='lat' dir='ltr'>poesi</span> <span class='ocrx_word' id='word_1_32' title='bbox 299 717 398 746; x_wconf 89' lang='lat' dir='ltr'>vero</span> <span class='ocrx_word' id='word_1_33' title='bbox 434 701 806 762; x_wconf 83' lang='lat' dir='ltr'>(septemtrionali)</span> <span class='ocrx_word' id='word_1_34' title='bbox 838 718 934 747; x_wconf 87' lang='lat' dir='ltr'>raro</span> <span class='ocrx_word' id='word_1_35' title='bbox 964 703 1195 762; x_wconf 81' lang='lat' dir='ltr'>invenitur,</span> <span class='ocrx_word' id='word_1_36' title='bbox 1231 703 1309 748; x_wconf 92' lang='lat' dir='ltr'>nisi</span> <span class='ocrx_word' id='word_1_37' title='bbox 1344 718 1413 748; x_wconf 85' lang='lat' dir='ltr'>res</span> 
     </span>
     <span class='ocr_line' id='line_1_8' title="bbox 72 782 851 844; baseline 0.001 -17"><span class='ocrx_word' id='word_1_38' title='bbox 72 797 149 844; x_wconf 90' lang='lat' dir='ltr'>per</span> <span class='ocrx_word' id='word_1_39' title='bbox 181 782 547 843; x_wconf 84' lang='lat' dir='ltr'>aequivocationem</span> <span class='ocrx_word' id='word_1_40' title='bbox 583 783 851 844; x_wconf 82' lang='lat' dir='ltr'>exprimatur.</span> 
     </span>
    </p>

    <p class='ocr_par' dir='ltr' id='par_1_6' title="bbox 169 863 1413 930">
     <span class='ocr_line' id='line_1_9' title="bbox 169 863 1413 930; baseline 0.002 -23"><span class='ocrx_word' id='word_1_41' title='bbox 169 864 389 908; x_wconf 70' lang='lat' dir='ltr'>Drffinsssis</span> <span class='ocrx_word' id='word_1_42' title='bbox 435 864 696 930; x_wconf 73' lang='grc' dir='ltr'><em>(διαίρεσις)</em></span> <span class='ocrx_word' id='word_1_43' title='bbox 735 865 836 909; x_wconf 91' lang='lat' dir='ltr'>duas</span> <span class='ocrx_word' id='word_1_44' title='bbox 873 863 1049 926; x_wconf 75' lang='lat' dir='ltr'>syllabas</span> <span class='ocrx_word' id='word_1_45' title='bbox 1092 880 1142 909; x_wconf 85' lang='lat' dir='ltr'>ex</span> <span class='ocrx_word' id='word_1_46' title='bbox 1177 880 1258 909; x_wconf 88' lang='lat' dir='ltr'>una</span> <span class='ocrx_word' id='word_1_47' title='bbox 1294 864 1413 925; x_wconf 77' lang='lat' dir='ltr'>facit,</span> 
     </span>
    </p>

    <p class='ocr_par' dir='ltr' id='par_1_7' title="bbox 22 943 1417 1978">
     <span class='ocr_line' id='line_1_10' title="bbox 74 943 522 990; baseline 0 0"><span class='ocrx_word' id='word_1_48' title='bbox 74 949 122 990; x_wconf 93' lang='lat' dir='ltr'>ut</span> <span class='ocrx_word' id='word_1_49' title='bbox 153 943 311 989; x_wconf 71' lang='lat' dir='ltr'>Bibrna</span> <span class='ocrx_word' id='word_1_50' title='bbox 345 945 522 990; x_wconf 84' lang='lat' dir='ltr'>cecinit:</span> 
     </span>
     <span class='ocr_line' id='line_1_11' title="bbox 22 1009 1109 1086; baseline 0 -15"><span class='ocrx_word' id='word_1_51' title='bbox 22 1009 23 1016; x_wconf 10' lang='grc' dir='ltr'>ἵ</span> <span class='ocrx_word' id='word_1_52' title='bbox 271 1026 551 1071; x_wconf 89' lang='lat' dir='ltr'>Consumtori.</span> <span class='ocrx_word' id='word_1_53' title='bbox 619 1028 740 1071; x_wconf 91' lang='lat' dir='ltr'>Nunc</span> <span class='ocrx_word' id='word_1_54' title='bbox 774 1025 898 1086; x_wconf 86' lang='lat' dir='ltr'>igitur</span> <span class='ocrx_word' id='word_1_55' title='bbox 930 1032 1109 1086; x_wconf 77' lang='lat' dir='ltr'>nostrae,</span> 
     </span>
     <span class='ocr_line' id='line_1_12' title="bbox 270 1107 986 1168; baseline -0.001 -16"><span class='ocrx_word' id='word_1_56' title='bbox 270 1108 512 1168; x_wconf 71' lang='lat' dir='ltr'>Thorriide,</span> <span class='ocrx_word' id='word_1_57' title='bbox 557 1107 744 1152; x_wconf 78' lang='lat' dir='ltr'>amicitiae</span> <span class='ocrx_word' id='word_1_58' title='bbox 777 1108 986 1152; x_wconf 87' lang='lat' dir='ltr'>renuntio.</span> 
     </span>
     <span class='ocr_line' id='line_1_13' title="bbox 74 1184 1415 1250; baseline 0.003 -19"><span class='ocrx_word' id='word_1_59' title='bbox 74 1186 153 1232; x_wconf 90' lang='lat' dir='ltr'>Hic</span> <span class='ocrx_word' id='word_1_60' title='bbox 188 1186 280 1232; x_wconf 85' lang='lat' dir='ltr'>duae</span> <span class='ocrx_word' id='word_1_61' title='bbox 315 1188 482 1250; x_wconf 77' lang='lat' dir='ltr'>syllabae</span> <span class='ocrx_word' id='word_1_62' title='bbox 521 1204 572 1233; x_wconf 80' lang='lat' dir='ltr'>ex</span> <span class='ocrx_word' id='word_1_63' title='bbox 606 1205 688 1235; x_wconf 91' lang='lat' dir='ltr'>una</span> <span class='ocrx_word' id='word_1_64' title='bbox 723 1184 900 1246; x_wconf 57' lang='lat' dir='ltr'>Po&#39;rffr</span> <span class='ocrx_word' id='word_1_65' title='bbox 933 1190 1050 1235; x_wconf 85' lang='lat' dir='ltr'>factae</span> <span class='ocrx_word' id='word_1_66' title='bbox 1079 1195 1198 1249; x_wconf 74' lang='lat' dir='ltr'>sunt,</span> <span class='ocrx_word' id='word_1_67' title='bbox 1233 1195 1281 1235; x_wconf 89' lang='lat' dir='ltr'>ut</span> <span class='ocrx_word' id='word_1_68' title='bbox 1308 1205 1415 1235; x_wconf 90' lang='lat' dir='ltr'>con-</span> 
     </span>
     <span class='ocr_line' id='line_1_14' title="bbox 25 1269 499 1316; baseline 0.006 -3"><span class='ocrx_word' id='word_1_69' title='bbox 25 1269 27 1302; x_wconf 60' lang='lat'>1</span> <span class='ocrx_word' id='word_1_70' title='bbox 74 1269 262 1314; x_wconf 83' lang='lat' dir='ltr'>sonantia</span> <span class='ocrx_word' id='word_1_71' title='bbox 297 1275 499 1316; x_wconf 67' lang='lat' dir='ltr'>servetur„</span> 
     </span>
     <span class='ocr_line' id='line_1_15' title="bbox 173 1350 1414 1418; baseline 0.002 -24"><span class='ocrx_word' id='word_1_72' title='bbox 173 1351 425 1395; x_wconf 71' lang='lat' dir='ltr'>SYNffinesls</span> <span class='ocrx_word' id='word_1_73' title='bbox 479 1350 783 1418; x_wconf 75' lang='grc' dir='ltr'>(συναίρεσις)</span> <span class='ocrx_word' id='word_1_74' title='bbox 838 1358 902 1397; x_wconf 91' lang='lat' dir='ltr'>est</span> <span class='ocrx_word' id='word_1_75' title='bbox 952 1351 1158 1397; x_wconf 85' lang='lat' dir='ltr'>contraria</span> <span class='ocrx_word' id='word_1_76' title='bbox 1203 1351 1414 1411; x_wconf 76' lang='lat' dir='ltr'>Diaeresi,</span> 
     </span>
     <span class='ocr_line' id='line_1_16' title="bbox 28 1431 1414 1494; baseline 0.001 -18"><span class='ocrx_word' id='word_1_77' title='bbox 28 1436 29 1440; x_wconf 77' lang='grc'>’</span> <span class='ocrx_word' id='word_1_78' title='bbox 74 1431 227 1477; x_wconf 74' lang='lat' dir='ltr'>faciens</span> <span class='ocrx_word' id='word_1_79' title='bbox 262 1446 387 1477; x_wconf 90' lang='lat' dir='ltr'>unam</span> <span class='ocrx_word' id='word_1_80' title='bbox 424 1433 621 1494; x_wconf 74' lang='lat' dir='ltr'>syllabam</span> <span class='ocrx_word' id='word_1_81' title='bbox 650 1448 698 1477; x_wconf 80' lang='lat' dir='ltr'>ex</span> <span class='ocrx_word' id='word_1_82' title='bbox 728 1432 915 1493; x_wconf 73' lang='lat' dir='ltr'>duabus,</span> <span class='ocrx_word' id='word_1_83' title='bbox 950 1439 999 1478; x_wconf 94' lang='lat' dir='ltr'>ut</span> <span class='ocrx_word' id='word_1_84' title='bbox 1024 1433 1216 1493; x_wconf 84' lang='lat' dir='ltr'>Sigvatus</span> <span class='ocrx_word' id='word_1_85' title='bbox 1244 1432 1414 1478; x_wconf 85' lang='lat' dir='ltr'>cecinit:</span> 
     </span>
     <span class='ocr_line' id='line_1_17' title="bbox 335 1513 907 1574; baseline 0.003 -17"><span class='ocrx_word' id='word_1_86' title='bbox 335 1513 413 1557; x_wconf 93' lang='lat' dir='ltr'>Fui</span> <span class='ocrx_word' id='word_1_87' title='bbox 448 1515 594 1559; x_wconf 85' lang='lat' dir='ltr'>Romae</span> <span class='ocrx_word' id='word_1_88' title='bbox 630 1513 669 1558; x_wconf 92' lang='lat' dir='ltr'>in</span> <span class='ocrx_word' id='word_1_89' title='bbox 704 1513 907 1574; x_wconf 82' lang='lat' dir='ltr'>periculo.</span> 
     </span>
     <span class='ocr_line' id='line_1_18' title="bbox 30 1591 1417 1656; baseline 0.001 -17"><span class='ocrx_word' id='word_1_90' title='bbox 30 1624 31 1628; x_wconf 56' lang='lat'><em>=</em></span> <span class='ocrx_word' id='word_1_91' title='bbox 74 1593 155 1639; x_wconf 92' lang='lat' dir='ltr'>Hic</span> <span class='ocrx_word' id='word_1_92' title='bbox 189 1591 321 1641; x_wconf 75' lang='lat' dir='ltr'>vask</span> <span class='ocrx_word' id='word_1_93' title='bbox 354 1594 523 1654; x_wconf 89' lang='lat' dir='ltr'>ponitur</span> <span class='ocrx_word' id='word_1_94' title='bbox 554 1611 628 1656; x_wconf 92' lang='lat' dir='ltr'>pro</span> <span class='ocrx_word' id='word_1_95' title='bbox 655 1609 750 1641; x_wconf 76' lang='lat' dir='ltr'>vas</span> <span class='ocrx_word' id='word_1_96' title='bbox 780 1592 863 1656; x_wconf 75' lang='lat' dir='ltr'>ek,</span> <span class='ocrx_word' id='word_1_97' title='bbox 900 1601 947 1640; x_wconf 91' lang='lat' dir='ltr'>ut</span> <span class='ocrx_word' id='word_1_98' title='bbox 975 1594 1141 1656; x_wconf 84' lang='lat' dir='ltr'>syllabae</span> <span class='ocrx_word' id='word_1_99' title='bbox 1167 1594 1417 1640; x_wconf 73' lang='lat' dir='ltr'>harmonicae</span> 
     </span>
     <span class='ocr_line' id='line_1_19' title="bbox 30 1673 533 1735; baseline 0.002 -16"><span class='ocrx_word' id='word_1_100' title='bbox 30 1720 32 1729; x_wconf 21' lang='lat' dir='ltr'>A</span> <span class='ocrx_word' id='word_1_101' title='bbox 75 1673 248 1720; x_wconf 90' lang='lat' dir='ltr'>invicem</span> <span class='ocrx_word' id='word_1_102' title='bbox 282 1690 403 1735; x_wconf 89' lang='lat' dir='ltr'>pares</span> <span class='ocrx_word' id='word_1_103' title='bbox 437 1675 533 1720; x_wconf 90' lang='lat' dir='ltr'>sint.</span> 
     </span>
     <span class='ocr_line' id='line_1_20' title="bbox 31 1740 1416 1822; baseline 0.001 -21"><span class='ocrx_word' id='word_1_104' title='bbox 31 1740 32 1743; x_wconf 7' lang='grc' dir='ltr'><strong>Ἰ</strong></span> <span class='ocrx_word' id='word_1_105' title='bbox 173 1756 444 1801; x_wconf 76' lang='lat' dir='ltr'><strong>SYNALOEPRE</strong></span> <span class='ocrx_word' id='word_1_106' title='bbox 467 1743 807 1822; x_wconf 67' lang='grc' dir='ltr'>(συναλοιφή),</span> <span class='ocrx_word' id='word_1_107' title='bbox 844 1757 878 1801; x_wconf 93' lang='lat' dir='ltr'>si</span> <span class='ocrx_word' id='word_1_108' title='bbox 913 1755 1004 1802; x_wconf 87' lang='lat' dir='ltr'>duae</span> <span class='ocrx_word' id='word_1_109' title='bbox 1039 1757 1201 1801; x_wconf 88' lang='lat' dir='ltr'>vocales</span> <span class='ocrx_word' id='word_1_110' title='bbox 1227 1757 1416 1817; x_wconf 83' lang='lat' dir='ltr'>proxime</span> 
     </span>
     <span class='ocr_line' id='line_1_21' title="bbox 75 1835 1383 1898; baseline 0.002 -17"><span class='ocrx_word' id='word_1_111' title='bbox 75 1841 263 1882; x_wconf 87' lang='lat' dir='ltr'>constant</span> <span class='ocrx_word' id='word_1_112' title='bbox 296 1835 336 1880; x_wconf 91' lang='lat' dir='ltr'>in</span> <span class='ocrx_word' id='word_1_113' title='bbox 372 1835 534 1882; x_wconf 90' lang='lat' dir='ltr'>duabus</span> <span class='ocrx_word' id='word_1_114' title='bbox 571 1837 764 1898; x_wconf 76' lang='lat' dir='ltr'>syllabis,</span> <span class='ocrx_word' id='word_1_115' title='bbox 802 1838 976 1883; x_wconf 89' lang='lat' dir='ltr'>alteram</span> <span class='ocrx_word' id='word_1_116' title='bbox 1011 1837 1176 1898; x_wconf 76' lang='lat' dir='ltr'>eximit,</span> <span class='ocrx_word' id='word_1_117' title='bbox 1212 1844 1260 1883; x_wconf 86' lang='lat' dir='ltr'>ut</span> <span class='ocrx_word' id='word_1_118' title='bbox 1292 1837 1383 1885; x_wconf 87' lang='lat' dir='ltr'>hic:</span> 
     </span>
     <span class='ocr_line' id='line_1_22' title="bbox 272 1917 1194 1978; baseline 0.003 -17"><span class='ocrx_word' id='word_1_119' title='bbox 272 1917 498 1971; x_wconf 85' lang='lat' dir='ltr'>Quomodo</span> <span class='ocrx_word' id='word_1_120' title='bbox 534 1918 609 1978; x_wconf 77' lang='lat' dir='ltr'>sit,</span> <span class='ocrx_word' id='word_1_121' title='bbox 647 1918 680 1963; x_wconf 90' lang='lat' dir='ltr'>si</span> <span class='ocrx_word' id='word_1_122' title='bbox 716 1917 765 1963; x_wconf 87' lang='lat' dir='ltr'>ad</span> <span class='ocrx_word' id='word_1_123' title='bbox 802 1934 968 1964; x_wconf 90' lang='lat' dir='ltr'>crucem</span> <span class='ocrx_word' id='word_1_124' title='bbox 1006 1934 1194 1964; x_wconf 89' lang='lat' dir='ltr'>accurro.</span> 
     </span>
    </p>
   </div>
   <div class='ocr_carea' id='block_1_4' title="bbox 35 2084 1420 2438">
    <p class='ocr_par' dir='ltr' id='par_1_8' title="bbox 35 2084 1420 2193">
     <span class='ocr_line' id='line_1_23' title="bbox 35 2084 1420 2131; baseline 0.002 -14"><span class='ocrx_word' id='word_1_125' title='bbox 35 2084 36 2090; x_wconf 58' lang='lat'>¹</span> <span class='ocrx_word' id='word_1_126' title='bbox 75 2095 136 2129; x_wconf 79' lang='lat' dir='ltr'>pro</span> <span class='ocrx_word' id='word_1_127' title='bbox 162 2084 391 2128; x_wconf 65' lang='lat' dir='ltr'>aeripedeffl.</span> <span class='ocrx_word' id='word_1_128' title='bbox 437 2085 608 2119; x_wconf 77' lang='lat' dir='ltr'>Donatus</span> <span class='ocrx_word' id='word_1_129' title='bbox 635 2087 659 2119; x_wconf 88' lang='lat' dir='ltr'>l.</span> <span class='ocrx_word' id='word_1_130' title='bbox 686 2096 716 2119; x_wconf 89' lang='lat' dir='ltr'>c.</span> <span class='ocrx_word' id='word_1_131' title='bbox 740 2105 785 2110; x_wconf 92' lang='lat'>—</span> <span class='ocrx_word' id='word_1_132' title='bbox 808 2086 918 2129; x_wconf 84' lang='lat' dir='ltr'>Apud</span> <span class='ocrx_word' id='word_1_133' title='bbox 941 2086 1132 2120; x_wconf 84' lang='lat' dir='ltr'>Isidorum</span> <span class='ocrx_word' id='word_1_134' title='bbox 1157 2087 1420 2131; x_wconf 82' lang='lat' dir='ltr'>Episynaloephe</span> 
     </span>
     <span class='ocr_line' id='line_1_24' title="bbox 37 2141 1418 2193; baseline 0.001 -12"><span class='ocrx_word' id='word_1_135' title='bbox 37 2189 38 2193; x_wconf 13' lang='grc' dir='ltr'><strong>Ἰ</strong></span> <span class='ocrx_word' id='word_1_136' title='bbox 76 2141 365 2190; x_wconf 72' lang='grc' dir='ltr'>(ἐπισυναλοιφῆ)</span> <span class='ocrx_word' id='word_1_137' title='bbox 391 2145 657 2188; x_wconf 79' lang='lat' dir='ltr'>”conglutinatio</span> <span class='ocrx_word' id='word_1_138' title='bbox 687 2147 827 2180; x_wconf 86' lang='lat' dir='ltr'>duarum</span> <span class='ocrx_word' id='word_1_139' title='bbox 852 2148 884 2180; x_wconf 92' lang='lat' dir='ltr'>in</span> <span class='ocrx_word' id='word_1_140' title='bbox 910 2148 1044 2180; x_wconf 75' lang='lat' dir='ltr'>unam’&#39;.</span> <span class='ocrx_word' id='word_1_141' title='bbox 1081 2166 1127 2171; x_wconf 92' lang='lat'>—</span> <span class='ocrx_word' id='word_1_142' title='bbox 1178 2148 1228 2191; x_wconf 86' lang='lat'>¹³)</span> <span class='ocrx_word' id='word_1_143' title='bbox 1256 2159 1305 2182; x_wconf 75' lang='lat' dir='ltr'>em</span> <span class='ocrx_word' id='word_1_144' title='bbox 1327 2149 1418 2182; x_wconf 82' lang='lat' dir='ltr'>Hkr.</span> 
     </span>
    </p>

    <p class='ocr_par' dir='ltr' id='par_1_9' title="bbox 37 2206 1420 2438">
     <span class='ocr_line' id='line_1_25' title="bbox 75 2206 1420 2253; baseline 0.003 -13"><span class='ocrx_word' id='word_1_145' title='bbox 75 2206 318 2250; x_wconf 61' lang='lat' dir='ltr'>Ilici-Magni</span> <span class='ocrx_word' id='word_1_146' title='bbox 336 2207 453 2251; x_wconf 86' lang='lat' dir='ltr'>Boni,</span> <span class='ocrx_word' id='word_1_147' title='bbox 481 2208 569 2251; x_wconf 81' lang='lat' dir='ltr'>c.9‚</span> <span class='ocrx_word' id='word_1_148' title='bbox 596 2213 665 2241; x_wconf 76' lang='lat' dir='ltr'>scr.</span> <span class='ocrx_word' id='word_1_149' title='bbox 684 2208 733 2251; x_wconf 84' lang='lat'>6,·</span> <span class='ocrx_word' id='word_1_150' title='bbox 760 2210 895 2241; x_wconf 77' lang='lat' dir='ltr'>Forum.</span> <span class='ocrx_word' id='word_1_151' title='bbox 911 2220 939 2241; x_wconf 81' lang='lat' dir='ltr'>s,</span> <span class='ocrx_word' id='word_1_152' title='bbox 955 2212 1000 2252; x_wconf 89' lang='grc'>5,</span> <span class='ocrx_word' id='word_1_153' title='bbox 1027 2210 1123 2253; x_wconf 82' lang='grc'><em>123,</em></span> <span class='ocrx_word' id='word_1_154' title='bbox 1148 2210 1187 2243; x_wconf 78' lang='grc'>2.</span> <span class='ocrx_word' id='word_1_155' title='bbox 1212 2228 1257 2234; x_wconf 85' lang='grc'><strong>-</strong></span> <span class='ocrx_word' id='word_1_156' title='bbox 1286 2210 1335 2253; x_wconf 82' lang='lat'><strong>¹⁴¹)</strong></span> <span class='ocrx_word' id='word_1_157' title='bbox 1361 2210 1420 2244; x_wconf 74' lang='lat' dir='ltr'>sio</span> 
     </span>
     <span class='ocr_line' id='line_1_26' title="bbox 37 2256 1419 2314; baseline 0.003 -14"><span class='ocrx_word' id='word_1_158' title='bbox 37 2256 39 2266; x_wconf 61' lang='lat'>¹</span> <span class='ocrx_word' id='word_1_159' title='bbox 78 2268 180 2310; x_wconf 76' lang='lat'><em>748,-</em></span> <span class='ocrx_word' id='word_1_160' title='bbox 206 2278 279 2308; x_wconf 79' lang='lat' dir='ltr'>var,</span> <span class='ocrx_word' id='word_1_161' title='bbox 305 2269 356 2301; x_wconf 91' lang='lat' dir='ltr'>W.</span> <span class='ocrx_word' id='word_1_162' title='bbox 380 2287 425 2292; x_wconf 92' lang='lat'>—</span> <span class='ocrx_word' id='word_1_163' title='bbox 454 2268 503 2311; x_wconf 83' lang='lat'>¹⁵)</span> <span class='ocrx_word' id='word_1_164' title='bbox 526 2264 739 2313; x_wconf 70' lang='grc' dir='ltr'>”συναλοιφῆ</span> <span class='ocrx_word' id='word_1_165' title='bbox 759 2273 813 2302; x_wconf 84' lang='lat' dir='ltr'>est</span> <span class='ocrx_word' id='word_1_166' title='bbox 833 2281 892 2313; x_wconf 89' lang='lat' dir='ltr'>per</span> <span class='ocrx_word' id='word_1_167' title='bbox 912 2270 1187 2314; x_wconf 82' lang='lat' dir='ltr'>interceptionem</span> <span class='ocrx_word' id='word_1_168' title='bbox 1210 2282 1419 2304; x_wconf 86' lang='lat' dir='ltr'>concurren-</span> 
     </span>
     <span class='ocr_line' id='line_1_27' title="bbox 75 2329 1418 2378; baseline 0.003 -16"><span class='ocrx_word' id='word_1_169' title='bbox 75 2329 158 2362; x_wconf 80' lang='lat' dir='ltr'>tium</span> <span class='ocrx_word' id='word_1_170' title='bbox 184 2329 350 2363; x_wconf 80' lang='lat' dir='ltr'>vocalium</span> <span class='ocrx_word' id='word_1_171' title='bbox 376 2329 506 2362; x_wconf 82' lang='lat' dir='ltr'>lubrica</span> <span class='ocrx_word' id='word_1_172' title='bbox 530 2331 678 2371; x_wconf 79' lang='lat' dir='ltr'>quaedam</span> <span class='ocrx_word' id='word_1_173' title='bbox 703 2330 854 2374; x_wconf 87' lang='lat' dir='ltr'>lenisque</span> <span class='ocrx_word' id='word_1_174' title='bbox 880 2332 1032 2374; x_wconf 84' lang='lat' dir='ltr'>collisio,</span> <span class='ocrx_word' id='word_1_175' title='bbox 1059 2336 1112 2365; x_wconf 84' lang='lat' dir='ltr'>ut:</span> <span class='ocrx_word' id='word_1_176' title='bbox 1145 2333 1262 2378; x_wconf 79' lang='lat' dir='ltr'>Atque</span> <span class='ocrx_word' id='word_1_177' title='bbox 1287 2343 1330 2366; x_wconf 87' lang='lat' dir='ltr'>ea</span> <span class='ocrx_word' id='word_1_178' title='bbox 1355 2333 1418 2366; x_wconf 80' lang='lat' dir='ltr'>di-</span> 
     </span>
     <span class='ocr_line' id='line_1_28' title="bbox 75 2390 1419 2438; baseline 0.002 -13"><span class='ocrx_word' id='word_1_179' title='bbox 75 2400 190 2430; x_wconf 63' lang='lat' dir='ltr'>versa</span> <span class='ocrx_word' id='word_1_180' title='bbox 213 2391 366 2435; x_wconf 79' lang='lat' dir='ltr'>penitus</span> <span class='ocrx_word' id='word_1_181' title='bbox 388 2390 472 2423; x_wconf 82' lang='lat' dir='ltr'>dum</span> <span class='ocrx_word' id='word_1_182' title='bbox 494 2396 603 2433; x_wconf 79' lang='lat' dir='ltr'>parte</span> <span class='ocrx_word' id='word_1_183' title='bbox 619 2397 816 2435; x_wconf 68' lang='lat' dir='ltr'>yet-untur.</span> <span class='ocrx_word' id='word_1_184' title='bbox 864 2394 948 2426; x_wconf 83' lang='lat' dir='ltr'>Haec</span> <span class='ocrx_word' id='word_1_185' title='bbox 970 2404 991 2426; x_wconf 81' lang='lat' dir='ltr'>a</span> <span class='ocrx_word' id='word_1_186' title='bbox 1011 2393 1209 2437; x_wconf 84' lang='lat' dir='ltr'>quibusdam</span> <span class='ocrx_word' id='word_1_187' title='bbox 1223 2394 1419 2438; x_wconf 82' lang='lat' dir='ltr'>Synaercsis</span> 
     </span>
    </p>
   </div>
   <div class='ocr_carea' id='block_1_5' title="bbox 71 2452 1419 2622">
    <p class='ocr_par' dir='ltr' id='par_1_10' title="bbox 71 2452 1419 2622">
     <span class='ocr_line' id='line_1_29' title="bbox 77 2452 1418 2497; baseline 0.004 -12"><span class='ocrx_word' id='word_1_188' title='bbox 77 2452 321 2495; x_wconf 83' lang='lat' dir='ltr'>nuncupatur’&#39;.</span> <span class='ocrx_word' id='word_1_189' title='bbox 369 2452 540 2485; x_wconf 76' lang='lat' dir='ltr'>Donatus</span> <span class='ocrx_word' id='word_1_190' title='bbox 558 2453 580 2484; x_wconf 82' lang='lat' dir='ltr'>l.</span> <span class='ocrx_word' id='word_1_191' title='bbox 597 2463 625 2485; x_wconf 86' lang='lat' dir='ltr'>c.</span> <span class='ocrx_word' id='word_1_192' title='bbox 646 2471 691 2476; x_wconf 94' lang='lat'>—</span> <span class='ocrx_word' id='word_1_193' title='bbox 717 2453 977 2497; x_wconf 70' lang='lat' dir='ltr'>”synaloepl1e‚</span> <span class='ocrx_word' id='word_1_194' title='bbox 1003 2454 1137 2488; x_wconf 89' lang='lat' dir='ltr'>collisio</span> <span class='ocrx_word' id='word_1_195' title='bbox 1158 2457 1327 2489; x_wconf 83' lang='lat' dir='ltr'>vocalium</span> <span class='ocrx_word' id='word_1_196' title='bbox 1351 2456 1418 2489; x_wconf 82' lang='lat' dir='ltr'>ad-</span> 
     </span>
     <span class='ocr_line' id='line_1_30' title="bbox 71 2513 1417 2559; baseline 0.004 -14"><span class='ocrx_word' id='word_1_197' title='bbox 71 2514 192 2554; x_wconf 82' lang='lat' dir='ltr'>juncta</span> <span class='ocrx_word' id='word_1_198' title='bbox 216 2513 425 2546; x_wconf 80' lang='lat' dir='ltr'>vocalibus&#39;&#39;.</span> <span class='ocrx_word' id='word_1_199' title='bbox 473 2513 564 2546; x_wconf 78' lang='lat' dir='ltr'>lsid.</span> <span class='ocrx_word' id='word_1_200' title='bbox 589 2513 620 2546; x_wconf 90' lang='lat' dir='ltr'>I.</span> <span class='ocrx_word' id='word_1_201' title='bbox 645 2514 712 2547; x_wconf 79' lang='lat'>34.</span> <span class='ocrx_word' id='word_1_202' title='bbox 745 2534 790 2539; x_wconf 91' lang='lat'>-——</span> <span class='ocrx_word' id='word_1_203' title='bbox 828 2514 876 2557; x_wconf 80' lang='lat'>¹⁶)</span> <span class='ocrx_word' id='word_1_204' title='bbox 903 2526 925 2548; x_wconf 88' lang='lat' dir='ltr'>a</span> <span class='ocrx_word' id='word_1_205' title='bbox 951 2515 1060 2558; x_wconf 86' lang='lat' dir='ltr'>[saem</span> <span class='ocrx_word' id='word_1_206' title='bbox 1086 2516 1097 2549; x_wconf 84' lang='lat' dir='ltr'>i</span> <span class='ocrx_word' id='word_1_207' title='bbox 1122 2517 1259 2559; x_wconf 78' lang='lat' dir='ltr'>bivgvm</span> <span class='ocrx_word' id='word_1_208' title='bbox 1284 2517 1417 2559; x_wconf 87' lang='lat' dir='ltr'>visum,</span> 
     </span>
     <span class='ocr_line' id='line_1_31' title="bbox 78 2573 1419 2622; baseline 0.005 -16"><span class='ocrx_word' id='word_1_209' title='bbox 78 2573 178 2618; x_wconf 75' lang='lat'>748,</span> <span class='ocrx_word' id='word_1_210' title='bbox 211 2574 252 2607; x_wconf 85' lang='lat' dir='ltr'>in</span> <span class='ocrx_word' id='word_1_211' title='bbox 286 2574 462 2608; x_wconf 71' lang='lat' dir='ltr'>versibus</span> <span class='ocrx_word' id='word_1_212' title='bbox 495 2575 733 2617; x_wconf 71' lang='lat' dir='ltr'>supplicibus</span> <span class='ocrx_word' id='word_1_213' title='bbox 767 2575 1160 2622; x_wconf 75' lang='lat' dir='ltr'>(poenitentialibus).</span> <span class='ocrx_word' id='word_1_214' title='bbox 1196 2597 1241 2603; x_wconf 91' lang='lat'><em>-</em></span> <span class='ocrx_word' id='word_1_215' title='bbox 1292 2578 1344 2622; x_wconf 87' lang='lat'>¹⁷)</span> <span class='ocrx_word' id='word_1_216' title='bbox 1371 2588 1419 2612; x_wconf 78' lang='lat' dir='ltr'>ex</span> 
     </span>
    </p>
   </div>
   <div class='ocr_carea' id='block_1_6' title="bbox 77 2634 1281 2680">
    <p class='ocr_par' dir='ltr' id='par_1_11' title="bbox 77 2634 1281 2680">
     <span class='ocr_line' id='line_1_32' title="bbox 77 2634 1281 2680; baseline 0.005 -13"><span class='ocrx_word' id='word_1_217' title='bbox 77 2634 200 2680; x_wconf 79' lang='lat' dir='ltr'>aliquo</span> <span class='ocrx_word' id='word_1_218' title='bbox 225 2645 335 2669; x_wconf 72' lang='lat' dir='ltr'>sacro</span> <span class='ocrx_word' id='word_1_219' title='bbox 363 2635 549 2677; x_wconf 79' lang='lat' dir='ltr'>carmine,</span> <span class='ocrx_word' id='word_1_220' title='bbox 575 2636 676 2677; x_wconf 81' lang='lat' dir='ltr'>forte</span> <span class='ocrx_word' id='word_1_221' title='bbox 701 2637 741 2669; x_wconf 89' lang='lat' dir='ltr'>in</span> <span class='ocrx_word' id='word_1_222' title='bbox 767 2638 943 2671; x_wconf 79' lang='lat' dir='ltr'>honorem</span> <span class='ocrx_word' id='word_1_223' title='bbox 970 2645 1109 2672; x_wconf 83' lang='lat' dir='ltr'>canctoe</span> <span class='ocrx_word' id='word_1_224' title='bbox 1135 2638 1281 2673; x_wconf 78' lang='lat' dir='ltr'>Crucis.</span> 
     </span>
    </p>
   </div>
   <div class='ocr_carea' id='block_1_7' title="bbox 79 2707 1418 2816">
    <p class='ocr_par' dir='ltr' id='par_1_12' title="bbox 79 2707 1418 2816">
     <span class='ocr_line' id='line_1_33' title="bbox 169 2707 1418 2756; baseline 0.006 -18"><span class='ocrx_word' id='word_1_225' title='bbox 169 2707 209 2749; x_wconf 75' lang='lat' dir='ltr'>a)</span> <span class='ocrx_word' id='word_1_226' title='bbox 234 2707 255 2739; x_wconf 87' lang='lat' dir='ltr'>i.</span> <span class='ocrx_word' id='word_1_227' title='bbox 270 2718 299 2741; x_wconf 84' lang='lat' dir='ltr'>e.</span> <span class='ocrx_word' id='word_1_228' title='bbox 315 2707 452 2740; x_wconf 75' lang='lat' dir='ltr'>Ber-sius</span> <span class='ocrx_word' id='word_1_229' title='bbox 465 2709 689 2741; x_wconf 84' lang='lat' dir='ltr'>Monomacha</span> <span class='ocrx_word' id='word_1_230' title='bbox 709 2709 1179 2756; x_wconf 69' lang='lat' dir='ltr'>[Ho&#39;lmyaunqu-Bersi];</span> <span class='ocrx_word' id='word_1_231' title='bbox 1205 2722 1281 2744; x_wconf 83' lang='lat' dir='ltr'>nam</span> <span class='ocrx_word' id='word_1_232' title='bbox 1296 2710 1418 2745; x_wconf 77' lang='lat' dir='ltr'>Bio‘rn</span> 
     </span>
     <span class='ocr_line' id='line_1_34' title="bbox 79 2766 1020 2816; baseline 0.006 -17"><span class='ocrx_word' id='word_1_233' title='bbox 79 2770 114 2799; x_wconf 79' lang='lat' dir='ltr'>et</span> <span class='ocrx_word' id='word_1_234' title='bbox 137 2766 273 2811; x_wconf 70' lang='lat' dir='ltr'>Derai,</span> <span class='ocrx_word' id='word_1_235' title='bbox 299 2769 407 2812; x_wconf 84' lang='lat' dir='ltr'>quoad</span> <span class='ocrx_word' id='word_1_236' title='bbox 431 2779 589 2810; x_wconf 87' lang='lat' dir='ltr'>sensum,</span> <span class='ocrx_word' id='word_1_237' title='bbox 616 2771 689 2803; x_wconf 74' lang='lat' dir='ltr'>fere</span> <span class='ocrx_word' id='word_1_238' title='bbox 714 2774 793 2803; x_wconf 84' lang='lat' dir='ltr'>sunt</span> <span class='ocrx_word' id='word_1_239' title='bbox 817 2782 1020 2816; x_wconf 81' lang='lat' dir='ltr'>synonyma.</span> 
     </span>
    </p>
   </div>
  </div>
 </body>
</html>
