1919 3329
1417 246 1459 274 IX

126 359 199 403 lsoc
221 361 454 417 sraymento
476 360 694 417 mcmiseste
718 361 940 419 discerpta,
971 362 1082 404 unde
1104 361 1311 412 videmus,
1340 361 1462 417 fray-

124 439 304 473 mentum
333 440 520 474 nostrum
551 444 593 473 eo
617 439 793 486 tempore
820 431 1005 482 (1609)
1035 445 1165 474 unum
1192 431 1256 473 vel
1282 431 1462 486 sortasse

126 500 209 543 duo
229 501 335 554 folia
359 500 575 551 habuisse,
608 514 699 557 quoe
723 500 874 543 deinde
897 516 1027 559 usque
1049 501 1106 544 ad
1126 502 1256 544 Arnae
1272 500 1462 557 Maqnaei

125 578 310 627 tempora
332 562 500 626 periere
522 569 628 626 (cfr.
646 570 764 624 infra
788 571 864 613 sub
893 573 988 627 VI).
1046 571 1170 614 Nunc
1194 570 1315 628 quale
1336 570 1460 614 habe-

122 652 236 691 mus,
267 639 475 695 inteqrum
501 638 706 681 dedimus.

233 726 300 768 IV.
386 724 651 777 Eddu—brot”‚
702 723 788 766 sive
829 724 1110 781 sraymentum
1143 724 1281 767 Eddoe
1314 739 1459 768 secun-

125 793 224 836 dum
256 793 542 837 membranam
570 794 986 851 Arnamaqnoeanam
1023 794 1103 837 Nr.
1139 795 1244 838 757
1279 796 1325 838 in
1360 796 1456 848 4to,

115 877 163 921 p.
193 863 478 907 501-572.
554 862 646 906 Hoc
672 864 975 922 sraymentum,
1019 864 1155 907 seculo
1185 879 1294 907 XIV.
1323 865 1458 909 medio

120 933 185 976 vel
212 934 327 976 circa
355 934 576 990 scriptum,
606 947 803 990 magnam
832 934 961 976 lucem
990 936 1188 977 tractatui
1214 934 1324 989 Olafi
1339 935 1458 978 Albi-

114 1007 251 1060 poe'toe
268 1002 421 1059 adfert.
485 1003 684 1056 Quamvis
703 1003 811 1045 enim
824 1004 1060 1060 fragmento
1081 1004 1192 1048 748
1207 1019 1290 1048 non
1299 1019 1458 1062 parum

122 1081 238 1116 oetate
266 1074 322 1116 sit
350 1073 551 1131 inferius,
583 1082 719 1116 tamen
742 1074 1012 1130 scriptionem
1041 1073 1091 1116 cle
1115 1075 1230 1117 sonis
1261 1084 1296 1118 et
1324 1075 1456 1118 literis

120 1142 242 1185 talem
267 1142 355 1197 fere
385 1142 549 1185 dedisse
577 1142 764 1195 videtur,
796 1143 932 1200 qualis
958 1158 985 1186 a
1006 1144 1145 1201 primo
1168 1153 1335 1188 auctore
1358 1144 1458 1188 data

118 1213 194 1265 sit,
225 1220 319 1255 ante
349 1226 473 1270 quam
499 1212 649 1268 Olafus
682 1212 812 1255 eidem
839 1213 969 1257 multa
997 1214 1229 1266 intersevit,
1262 1223 1297 1257 et
1319 1215 1458 1258 maxi-

117 1295 226 1325 mam
240 1291 407 1340 partem
428 1291 629 1326 tractatus
656 1282 705 1325 de
725 1283 877 1341 figuris
902 1284 1106 1327 orationis
1131 1283 1316 1329 addidit.
1372 1286 1457 1329 Nec

119 1353 256 1395 minus
280 1352 547 1396 memorabile
566 1361 634 1406 est,
667 1352 778 1410 quod
795 1354 840 1396 in
858 1353 1266 1397 denominationibus
1278 1356 1455 1411 poeticis

119 1424 364 1477 (kenuingar
386 1424 663 1476 skbldskapan
688 1436 734 1480 p.
753 1423 901 1479 511),
925 1424 1087 1480 partim
1110 1438 1201 1466 cum
1221 1425 1455 1481 fraqmento

122 1493 233 1537 748
251 1492 358 1549 (ubi
374 1493 539 1536 Snorro
555 1501 700 1535 auctor
715 1506 855 1535 eorum
872 1493 1154 1549 declaratur),
1179 1495 1340 1550 partim
1365 1508 1456 1537 cum

117 1563 303 1615 nostris,
347 1561 481 1619 Reyio
520 1570 555 1605 et
592 1561 862 1614 Wormiano,
909 1564 1124 1607 consentit.
1193 1563 1246 1606 In
1275 1564 1455 1608 editione

115 1632 420 1684 membranam,
451 1639 646 1674 vetustate
676 1640 711 1674 et
728 1632 956 1689 putredine
981 1646 1233 1690 maqnopere
1256 1633 1398 1677 loesam
1419 1643 1455 1679 et

117 1702 258 1745 densis
297 1701 460 1745 lacunis
498 1700 758 1753 intersitum,
805 1701 978 1759 ideoque
1006 1702 1110 1746 lectu
1139 1702 1451 1761 difficillimam,

117 1785 241 1830 quam
269 1772 581 1814 accuratissime
603 1771 817 1829 potuimus
846 1771 977 1814 secuti
1002 1785 1159 1815 sumus.

223 1861 273 1904 V.
358 1861 635 1912 Eddu-brot,
687 1860 773 1903 sive
813 1861 1096 1917 fraymentum
1134 1860 1271 1903 Eddoe
1307 1875 1452 1904 secun-

114 1931 214 1974 dum
247 1928 533 1973 membranam
568 1929 984 1986 Arnamaqnoeanam
1019 1930 1098 1973 Nr.
1132 1931 1209 1984 Ῐεβ
1245 1932 1290 1973 in
1324 1931 1449 1988 folio,

107 2014 155 2059 p.
185 2000 472 2045 573-627.
539 2000 839 2056 Fraymentum
867 1999 1009 2053 hoece,
1050 2001 1185 2043 seculo
1213 2009 1258 2044 ut
1283 2001 1452 2044 videtur

113 2085 223 2114 xzr.
254 2072 482 2128 scriptum,
531 2069 693 2112 duobus
730 2070 971 2127 praesertim
1011 2072 1224 2114 momentis
1268 2071 1450 2114 notabile

112 2150 184 2185 est.
251 2141 445 2184 Primum
475 2140 583 2182 enim
613 2140 749 2183 codici
775 2149 918 2182 nostro
946 2140 1080 2198 Reyio
1102 2142 1301 2199 prooeime
1335 2156 1449 2184 acce-

113 2211 203 2264 dit,
245 2224 319 2253 nec
355 2219 490 2253 tamen
529 2210 615 2262 ita,
659 2218 704 2253 ut
747 2210 793 2252 in
835 2210 1026 2253 omnibus
1071 2225 1161 2253 cum
1203 2225 1248 2254 eo
1289 2211 1445 2266 faciat,

112 2280 264 2324 deinde
297 2280 585 2337 yenealoqiam
623 2280 837 2338 quandam
865 2281 911 2322 in
937 2280 1020 2337 fine
1049 2280 1213 2336 adfert,
1257 2294 1348 2338 quoe
1377 2280 1447 2324 de-

109 2358 338 2402 monstrat,
392 2349 500 2393 hunc
537 2350 716 2392 codicem
751 2349 875 2402 olim,
930 2349 1029 2392 dum
1065 2351 1226 2405 inteqer
1259 2351 1366 2404 fuit,
1421 2364 1448 2394 a

110 2419 327 2478 nepotibus
351 2419 529 2475 familioe
548 2420 832 2477 Sturlunyicoe
842 2433 1081 2476 possessum
1095 2420 1240 2473 fuisse.
1306 2421 1446 2464 Visum

113 2498 172 2533 est
200 2490 333 2547 iyitur
362 2489 435 2532 hoc
462 2489 767 2547 fraymentum,
815 2488 926 2546 quod
954 2488 1069 2532 haud
1095 2491 1227 2547 parvi
1253 2490 1448 2534 momenti

111 2569 193 2612 est,
234 2560 398 2617 aymini
429 2567 655 2602 ceterorum
675 2559 871 2617 junqere.

217 2647 285 2689 Vl.
358 2648 563 2691 Diximus
594 2655 716 2690 antea
744 2646 812 2703 (v.
844 2646 962 2700 ΙΙΙ.)
990 2645 1195 2704 Magnum
1226 2646 1439 2698 Olavium,

108 2724 315 2771 pastorem
327 2717 447 2772 Laus
442 2732 627 2760 asensem
641 2726 675 2760 et
685 2716 821 2760 Eddoe
831 2716 1053 2759 Lo‘vasinoe
1070 2725 1288 2768 auctorem,
1304 2717 1443 2771 frusta

111 2784 300 2841 quaedam
323 2801 375 2830 ex
397 2787 632 2843 fraqmento
656 2787 733 2830 Wb
765 2786 991 2844 carpsisse,
1024 2786 1192 2844 quando
1222 2786 1296 2830 lzoc
1321 2787 1441 2840 fray-
