1878 3309
72 220 103 262 1.
148 216 185 262 1.
604 236 662 267 nn
708 235 991 267 ALPHABETO.
1365 216 1421 261 13

9 373 13 390 ν
68 363 142 403 aut
175 357 483 418 discesserunt,
521 358 629 402 inter
662 372 707 401 se
736 357 955 403 dissimiles
983 364 1102 417 sunt,
1140 372 1314 404 necesse
1340 365 1420 416 est,

69 438 289 485 dissimiles
317 438 502 485 adhiberi
522 438 688 496 literas,
719 454 797 484 nec
814 438 984 484 easdem
1003 454 1149 485 omnes
1168 440 1209 485 in
1229 440 1419 500 singulis,

67 520 424 580 quemadmodum
444 518 578 565 Graeci
606 518 791 578 linguam
818 535 997 579 graecam
1025 520 1159 566 latinis
1186 520 1315 567 literis
1334 537 1418 566 non

65 601 334 662 exprimunt,
371 615 510 662 neque
534 599 670 645 Latini
699 600 845 659 graecis
874 600 1042 646 latinam
1064 634 1076 661 ,
1112 617 1251 664 neque
1277 602 1417 649 Ebraei

0 686 1 696 ¹
65 681 247 727 ebraeam
268 681 413 742 graecis
434 681 646 740 latinisve3
674 679 750 726 sed
769 696 888 727 suam
907 697 1086 743 quaeque
1105 683 1217 729 natio
1235 684 1417 745 linguam

65 763 149 808 suis
197 762 391 824 exprimit
434 762 580 808 literis.
665 763 775 808 Nam
819 777 1082 825 quaecunque
1127 763 1267 824 lingua
1311 765 1415 810 alius

60 844 215 904 linguae
249 844 379 890 literis
417 842 686 905 exprimenda
724 849 814 901 est,
850 843 1043 906 quaedam
1078 845 1208 890 literae
1245 844 1414 903 desunt,

61 942 112 971 eo
150 925 263 988 quod
298 941 451 986 sonuS,
489 924 619 971 literis
657 941 751 987 quae
787 924 924 971 desint
950 926 1167 988 proprius,
1204 925 1246 971 in
1274 926 1415 987 lingua

58 1023 141 1052 non
177 1007 400 1052 invenitur.
470 1008 632 1053 Verum
665 1013 806 1052 tamen
831 1007 959 1068 Angli
983 1007 1168 1068 linguam
1195 1008 1414 1068 Anglicam

58 1089 186 1135 literis
206 1089 357 1149 latinis,
383 1094 592 1150 quotquot
605 1087 732 1148 justae
750 1088 917 1148 Anglici
935 1089 1140 1135 sermonis
1160 1089 1413 1151 pronuntia-

58 1171 158 1228 tioni
192 1170 471 1229 conveniant,
508 1169 764 1230 exprimunt.
849 1170 991 1216 Sicubi
1025 1186 1125 1217 vero
1161 1171 1292 1216 literae
1328 1187 1413 1216 non

59 1259 312 1314 suppetant,
357 1251 458 1296 alias
495 1250 725 1311 adhibent,
762 1257 867 1313 quot
900 1253 1129 1315 qualesque
1167 1268 1272 1314 opus
1309 1252 1411 1307 sint,

53 1333 102 1379 iis
141 1334 348 1392 exemtis,
390 1348 485 1395 quae
528 1332 715 1394 ipsorum
758 1333 963 1378 sermonis
998 1340 1124 1379 rectae
1157 1334 1412 1396 pronuntia-

53 1415 155 1460 tioni
180 1430 264 1460 non
289 1414 551 1459 conveniant.
620 1415 786 1459 Horum
813 1414 939 1474 igitur
964 1416 1202 1477 exemplum
1221 1422 1408 1476 secutus,

53 1512 184 1558 quum
220 1495 366 1541 eadem
405 1495 544 1556 lingua
582 1502 773 1554 utamur,
810 1496 889 1541 etsi
924 1497 1125 1542 alterutra
1159 1495 1407 1557 admodum,

52 1584 125 1623 aut
149 1583 327 1639 utraque
354 1577 625 1639 aliquantum,
661 1583 821 1622 mutata
849 1577 922 1636 sit,
958 1583 1006 1622 ut
1032 1578 1191 1622 facilior
1206 1576 1409 1623 reddatur

53 1659 222 1720 scriptio
251 1665 293 1704 et
319 1659 467 1718 lectio,
505 1673 599 1720 quae
626 1657 750 1703 hodie
780 1658 906 1703 etiam
941 1658 1018 1704 hac
1052 1658 1094 1703 in
1128 1664 1242 1704 terra
1276 1675 1408 1704 usur—

50 1747 191 1802 patur,
228 1747 271 1785 et
296 1740 439 1800 legum
467 1746 510 1785 et
535 1739 899 1800 genealogiarum,
936 1746 1009 1785 aut
1032 1755 1244 1785 sacrarum
1270 1740 1407 1785 inter-

51 1821 333 1883 pretationum
377 1827 449 1866 aut
493 1821 619 1866 etiam
665 1820 982 1881 ingeniosorum
1025 1821 1194 1866 illorum
1229 1838 1406 1882 operum

49 1903 365 1963 historicorum,
402 1917 496 1964 quae
521 1901 648 1948 Arius
667 1902 899 1962 Thorgilsis
929 1901 1037 1947 filius
1064 1903 1209 1948 solerti
1237 1903 1404 1964 ingenio

48 1983 178 2029 literis
204 1983 444 2029 mandavit:
482 1999 562 2044 ego
591 1998 761 2045 quoque
790 1984 910 2029 nobis
935 1982 1111 2029 Islandis
1136 1984 1405 2045 alphabetum

48 2065 298 2127 conscripsi,
334 2064 448 2127 quod
483 2071 647 2111 constat
683 2081 812 2127 quum
839 2065 969 2110 literis
995 2065 1156 2125 latinis,
1194 2072 1405 2127 quotquot

47 2146 147 2191 mihi
180 2147 277 2192 visae
313 2146 396 2192 sint
432 2153 576 2192 nostro
613 2146 797 2192 sermoni
827 2145 1038 2208 justaeque
1074 2146 1402 2208 pronuntiationi

48 2228 302 2286 convenire,
355 2235 445 2273 tum
488 2228 612 2287 aliis,
667 2227 818 2289 quibus
861 2243 967 2290 opus
1012 2243 1106 2273 esse
1151 2226 1401 2287 arbitrarer,

49 2325 179 2371 quum
222 2308 504 2369 exemissem,
556 2325 650 2371 quae
684 2316 839 2355 nostrae
873 2309 1026 2370 linguae
1061 2309 1283 2371 prolationi
1317 2325 1400 2354 non

46 2478 403 2521 interpretationes,
429 2479 468 2510 in
491 2479 630 2521 primis
652 2479 741 2511 re‘loe
762 2484 978 2511 sauctorum
995 2480 1054 2519 (v.
1071 2489 1100 2511 c.
1115 2478 1247 2511 Sancte·
1261 2479 1397 2515 Blasii,

45 2540 216 2579 Audreoe,
245 2541 359 2582 etex),
387 2545 422 2572 et
444 2539 546 2580 sorte
570 2540 661 2572 libri
682 2540 858 2582 ascetici,
886 2540 1098 2582 breviaria,
1124 2540 1165 2572 in
1188 2550 1397 2572 sermonem

40 2600 109 2633 ⁴31.
125 2602 323 2633 translata.
351 2620 394 2624 —
421 2601 456 2644 ⁴)
479 2602 556 2634 lttec
576 2603 710 2634 vocula
732 2601 905 2635 indicare
929 2601 1083 2634 videtur
1098 2606 1164 2633 aut
1185 2602 1263 2634 ulia
1285 2611 1397 2644 opera

46 2662 89 2694 ab
116 2667 269 2695 auctore
295 2668 380 2695 ante
406 2663 504 2695 Ιιιιησ
531 2667 730 2695 tractatum
755 2663 922 2707 scripta,
956 2667 1021 2695 ant
1051 2663 1214 2695 aliarum
1247 2673 1396 2705 operam

45 2727 130 2755 auee
158 2734 236 2756 enm
263 2724 302 2755 in
331 2724 589 2757 concinnando
617 2724 809 2768 alphabeto
833 2724 1006 2768 positam.
1031 2743 1075 2747 ’-
1105 2723 1137 2766 ⁵)
1163 2723 1220 2756 sic
1250 2723 1302 2754 W.
