1832 3294
126 210 200 255 ΠΙ.
245 206 317 254 16·
608 228 801 262 FIGURAE
826 228 1087 262 ominosis,
1391 209 1483 260 183

228 350 442 393 PAnoemm
479 348 755 414 (παροιμία)
794 357 858 395 est
884 351 1176 411 proverbium‚
1214 350 1328 413 quod
1353 350 1483 397 rebus

126 434 172 474 ct
206 430 385 490 tempori
420 429 531 475 bene
565 431 788 475 convenire
823 432 1109 490 existimatur⁷
1145 438 1194 477 ut
1226 433 1449 478 hocloco:

193 508 315 554 ”Non
351 517 416 555 est
450 510 636 555 scrutuld
672 527 804 571 opus,
853 512 1096 572 inquiebant
1129 514 1300 574 vulpes,

293 591 432 651 (quae)
470 597 687 636 traxerunt
721 592 921 636 concham
957 592 997 636 in
1034 593 1219 652 glacie”;

124 670 241 731 quod
267 671 309 715 in
339 686 411 716 eos
439 671 604 731 dicitur,
642 671 737 732 qui,
775 687 904 732 quum
923 688 1071 732 parum
1091 675 1268 734 valeant,
1299 675 1483 736 superbe

125 766 173 796 se
202 757 380 812 gerunt3
426 767 520 813 quae
555 752 773 797 translatio
811 758 854 797 et
880 752 1107 814 impropria
1133 756 1391 817 comparatio
1419 762 1484 801 est

126 832 237 877 inter
272 832 484 877 hominem
520 838 565 878 et
598 833 814 878 concham.

238 914 496 958 SAncAsmus
550 910 872 979 (σαρκασμός)
925 918 993 959 est
1042 914 1185 960 odiosa
1238 916 1483 978 hostilisque

124 994 294 1054 irrisio,
339 1000 387 1039 ut
422 994 518 1039 hic:

455 1074 692 1120 Ambulans
729 1075 927 1133 advenit,

454 1171 540 1216 quo
578 1155 670 1200 loeo
705 1172 830 1216 reges
867 1156 1134 1217 pugnabant,

453 1236 651 1297 elatoque
686 1238 854 1298 capite:
900 1253 999 1284 ecce
1035 1238 1111 1283 tibi

455 1316 634 1377 (inquit)
671 1318 875 1363 tributum
891 1351 904 1378 ,
940 1316 1167 1363 Sultane³!

127 1399 371 1442 Sarcasmus
391 1397 512 1441 aliam
531 1398 716 1457 speciem
733 1399 952 1458 orationis,
988 1399 1113 1443 aliam
1137 1399 1484 1458 significationem

127 1479 311 1538 praefert.

227 1560 477 1604 ASTEISMUS
522 1557 819 1622 (ἅστεϊσμός)
867 1559 946 1604 dici
982 1564 1122 1620 potest
1156 1558 1288 1604 omnis
1323 1558 1483 1617 oratio,

130 1655 227 1700 quae
262 1656 285 1685 a
322 1640 477 1700 vulgari
514 1640 714 1701 loquendi
748 1656 828 1685 usu
856 1639 1018 1685 recedit
1044 1646 1088 1684 et
1117 1639 1248 1684 aulica
1277 1637 1484 1697 (urbana)

126 1720 370 1781 eloquentia
404 1721 569 1766 condita
605 1727 692 1780 est,
729 1727 777 1765 ut
810 1720 906 1780 Egil
939 1720 1121 1765 cecinit:

522 1804 703 1847 Rectum
737 1816 821 1846 non
857 1807 924 1846 est
942 1832 957 1859 ⁷

521 1881 558 1926 si
593 1882 769 1942 projecit

127 2079 153 2112 l.
179 2088 211 2112 σ.
247 2097 293 2103 -
327 2078 549 2122 '’Astysmus
574 2077 654 2112 huic
680 2077 912 2122 (Sarcasmo)
938 2077 1133 2111 contrarius
1158 2077 1232 2120 est,
1267 2076 1302 2109 id
1325 2078 1398 2118 est,
1423 2086 1487 2108 ur-

127 2139 264 2172 banitas
286 2139 362 2173 sine
382 2139 594 2173 iracundia”.
642 2139 735 2173 [sid.
749 2140 779 2173 Ι.
793 2139 861 2174 36.
885 2157 932 2164 —-
960 2138 1011 2182 ¹¹)
1034 2138 1123 2171 vide
1142 2147 1265 2181 supra
1284 2148 1321 2182 p.
1335 2136 1425 2170 152.
1441 2154 1488 2160 —

133 2199 182 2243 ¹²)
208 2200 267 2234 sic
294 2200 397 2243 7483
431 2211 487 2244 er,
516 2199 571 2232 W.

221 2275 260 2319 a)
287 2276 443 2309 Historia
467 2276 660 2317 ignoratur.
708 2276 846 2309 Su'ltan
861 2299 871 2319 ‚
897 2276 1082 2318 Summum,
1114 2275 1149 2308 h.
1176 2275 1201 2307 1.
1226 2275 1281 2307 cst
1304 2273 1487 2316 praefeetus

131 2336 276 2370 militum
292 2361 302 2380 ‚
351 2338 441 2380 dux,
490 2340 638 2379 praetor,
688 2339 723 2369 et
758 2337 798 2369 de
835 2347 918 2378 rege
953 2339 1162 2379 usurpatur,
1208 2334 1488 2379 quemadmodum

131 2398 319 2439 Sighvatus
346 2409 460 2430 vocem
488 2398 661 2430 Gallicam
686 2398 847 2431 sennim·
873 2398 1080 2440 (semmua,
1119 2395 1298 2438 dominus)
1331 2396 1374 2427 de
1405 2405 1489 2435 rege

132 2462 290 2502 usurpat.
349 2461 480 2491 Nomen
516 2459 675 2501 Summi,
714 2463 749 2491 ut
785 2459 874 2492 tituli
913 2457 1158 2501 imperatoris,
1195 2456 1327 2499 primus
1364 2455 1489 2488 dicitur

133 2519 329 2563 suscepisse
343 2521 527 2554 Orchanus
543 2521 709 2553 Osmanni
735 2520 845 2562 filius,
872 2521 936 2552 dux
952 2521 1160 2560 Turearum,
1186 2518 1240 2561 qui
1267 2516 1424 2559 regnavit
1448 2516 1489 2547 ab

134 2592 223 2614 anno
252 2581 350 2614 1326.
411 2581 480 2613 Sed
504 2592 626 2614 nomen
652 2582 807 2623 Sultani,
845 2585 880 2613 ut
905 2581 1055 2624 domini,
1090 2579 1241 2623 praefecti
1258 2603 1268 2621 ‚
1301 2578 1422 2619 ducis,
1455 2576 1488 2608 in

134 2653 240 2683 regna
274 2642 569 2684 septemtrionalia
603 2653 662 2685 per
695 2642 901 2674 commercia
926 2653 1000 2675 cum
1026 2641 1197 2674 Arabibus
1230 2643 1263 2672 et
1287 2638 1422 2671 Mauris
1456 2639 1489 2670 et

136 2714 195 2746 per
226 2703 522 2747 peregrinationes
557 2703 744 2747 religiosas
767 2703 870 2746 longo
896 2706 976 2737 ante
1000 2707 1150 2747 tempore
1174 2699 1343 2736 introduci
1368 2698 1486 2742 potuit.
