1832 3294
87 196 162 242 ΠΙ.
205 195 277 242 16·
544 215 732 249 menna:
759 214 1020 248 onA'rloxis.
1344 195 1436 244 159

86 336 376 381 translationes
413 338 673 398 propriarum
701 353 845 382 vocum
883 344 926 382 et
961 354 1183 400 sensuum,
1221 346 1436 384 servantes

86 417 239 461 variam
288 419 469 478 speciem
513 419 751 464 ssoridarum
797 421 1111 465 sententiarum.
1196 422 1241 465 In
1287 421 1435 481 Tropis

85 498 162 542 tria
189 505 286 543 sunt
316 499 679 544 animadvertenda
706 507 748 544 ct
780 501 983 545 tenenda:
1030 502 1185 561 primo,
1222 502 1436 547 translatio

86 579 272 624 vocabuli
309 581 360 625 ad
404 580 585 625 alienum
628 581 935 640 significatum3
989 581 1164 641 deinde,
1211 584 1435 644 impropria

85 661 338 722 comparatio
375 661 552 706 duarum
587 678 754 721 rerum3
801 662 923 706 tertio
952 662 1043 707 loco
1072 664 1435 710 animadvertenda

86 748 151 786 est
184 743 409 788 necessitas
446 750 488 787 et
523 750 815 788 ornamentum
850 743 972 803 tropi.

182 825 446 869 METAPHORA
475 822 767 891 (μεταφορά)
798 831 862 869 est
890 825 1103 870 translatio
1132 826 1356 872 verborum
1393 834 1436 872 et

83 920 226 950 rerum
273 905 314 950 in
360 906 483 951 alium
528 906 817 966 significatum.
886 907 949 951 Ea
987 914 1167 968 quatuor
1201 908 1334 953 modis
1371 909 1432 954 fit.

84 985 150 1030 ΑΒ
183 1002 370 1032 AN1MAL1
405 1004 459 1031 AD
495 1004 725 1048 ,ΔιΝιιιτΑωῑ7
762 994 810 1032 ut
842 982 939 1033 hic:

347 1069 432 1115 Sed
467 1075 606 1114 cutem
641 1069 786 1114 lucidae
822 1069 942 1115 deest

349 1152 517 1209 (notum
551 1150 650 1196 mihi
686 1157 751 1196 est
783 1151 996 1211 ingenium
1032 1153 1217 1212 seminae)

347 1232 459 1291 (illa,
497 1238 593 1277 utut
628 1238 714 1293 est,
750 1233 983 1294 periculosa
1019 1241 1084 1279 est
1117 1234 1274 1295 bestia)

345 1313 505 1374 stipulae
540 1329 648 1358 noxa
682 1314 798 1359 Divae
832 1315 1077 1375 lapillorum.

82 1396 177 1441 Hoc
211 1395 302 1440 loco
338 1395 490 1440 femina
526 1402 697 1440 vocatur
721 1395 878 1456 bestia,
917 1412 1011 1457 quae
1038 1398 1250 1443 translatio
1279 1406 1343 1444 est
1370 1400 1431 1445 rei

13 1527 16 1534 ‚
83 1476 349 1537 impropriae,
385 1476 602 1536 mulieris,
647 1476 686 1521 in
721 1476 997 1536 significatum
1032 1478 1243 1539 alienum,
1279 1496 1431 1542 nempe

82 1557 249 1603 animal.
318 1559 422 1603 Haec
457 1558 680 1619 impropria
714 1558 938 1604 similitudo
975 1566 1039 1604 est
1073 1560 1181 1605 intel·
1209 1560 1358 1605 animal
1388 1568 1432 1607 et

81 1638 307 1684 feminam:
350 1655 445 1683 nam
481 1639 616 1685 bestia
645 1646 709 1685 est
736 1640 883 1684 animal
909 1641 1069 1686 ratione
1099 1657 1267 1701 carens,
1304 1643 1430 1687 homo

82 1720 244 1765 ratione
272 1720 507 1780 praeditum.
570 1722 757 1766 Ornatus
784 1723 929 1767 caussa
955 1726 1092 1782 poetae
1111 1722 1196 1767 visa
1215 1729 1279 1768 est
1297 1723 1430 1768 oratio

81 1801 229 1846 melius
258 1801 513 1862 procedere,
549 1801 778 1864 vitiumque
807 1819 889 1848 non
917 1809 1002 1848 tam
1030 1803 1296 1848 manifestum
1323 1804 1430 1863 fieri,

81 1882 115 1927 si
150 1882 339 1927 lascivam
369 1883 589 1928 mulierem
617 1883 754 1944 potius
784 1884 1037 1945 appellasset
1065 1884 1268 1945 bestiam,
1305 1901 1431 1947 quam

83 1963 116 2008 si
151 1964 311 2024 singula
347 1964 398 2010 ab
435 1980 483 2009 ea
513 1964 681 2024 indigne
711 1972 870 2026 patrata
897 1973 1200 2011 enumerasset.
1270 1966 1431 2012 Eadem

81 2131 183 2174 fama
214 2137 358 2173 movet,
392 2132 429 2165 si
464 2137 605 2166 tantum
635 2139 790 2177 pectore
822 2135 936 2167 robor
962 2132 1166 2178 concipis,
1201 2140 1238 2168 et
1268 2134 1305 2168 si
1337 2135 1429 2169 adeo

82 2193 221 2227 dotalis
253 2194 359 2237 regia
394 2194 500 2227 cordi
534 2200 613 2238 est,
647 2206 724 2227 nam
759 2199 795 2229 ut
827 2196 930 2229 robur
954 2196 1100 2229 animam
1126 2207 1192 2229 non
1217 2197 1339 2237 habet,
1377 2197 1430 2230 sle

82 2256 241 2296 Turnus,
274 2254 327 2288 cui
353 2255 424 2287 haec
449 2255 629 2299 dicuntur,
662 2257 806 2290 animam
832 2259 943 2290 habet.
992 2257 1089 2290 Scire
1113 2261 1224 2290 autem
1250 2258 1427 2302 debemus,

80 2316 306 2358 Metaphoras
340 2315 430 2349 alias
465 2327 545 2349 esse
577 2318 796 2362 reciprocas,
833 2319 919 2351 alias
945 2318 1053 2361 partis
1086 2318 1221 2352 unius'’.
1252 2338 1298 2344 —
1333 2321 1428 2354 Isid.

20 2416 21 2419 Ἴ
79 2377 110 2409 Ι.
134 2377 215 2410 36:
264 2377 492 2421 ”Metaphora
529 2382 583 2411 est
617 2379 712 2412 verbi
750 2380 898 2422 aliquus
932 2383 1096 2423 usurpata.
1127 2381 1346 2414 translatio'’.
1382 2400 1427 2406 —-

27 2479 28 2484 1
82 2437 308 2481 ''Metaphora
343 2443 455 2472 autem
487 2443 546 2472 aut
578 2451 695 2474 mnu-is
727 2453 826 2475 umus
860 2445 933 2484 est,
973 2444 1010 2474 ut
1033 2442 1239 2476 Fluctuare
1263 2448 1425 2486 wycam,

20 2502 23 2514 ⁸
80 2509 146 2531 non
172 2503 267 2542 potes
293 2499 407 2533 dicere
431 2506 603 2545 seyetare
626 2503 789 2545 fluctus.-
827 2507 885 2536 aut
918 2514 1147 2538 ΑΝτιετιιοΡιιΑ
1179 2508 1254 2545 est,
1287 2504 1320 2537 id
1355 2507 1425 2547 est,

27 2592 29 2608 Ι
81 2560 277 2604 reciproca,
315 2565 351 2594 ut
381 2562 559 2605 remigium
596 2564 753 2607 alarum3
791 2575 870 2597 nam
903 2568 937 2598 et
968 2565 1030 2598 alae
1061 2565 1195 2598 navium
1230 2570 1263 2598 et
1295 2566 1425 2598 alarum

80 2621 221 2663 remigia
253 2622 444 2657 dicuntur&
491 2642 538 2648 ——-
584 2623 618 2668 ²)
649 2626 728 2658 Hoc
763 2631 798 2659 et
829 2626 1022 2671 sequentia
1052 2626 1094 2659 in
1129 2627 1206 2660 cod.
1237 2627 1281 2659 W
1311 2636 1426 2671 usque

29 2671 30 2677 ¹
81 2682 129 2714 ad
153 2685 369 2727 stropham.-
417 2686 555 2719 Skorba
578 2696 641 2719 vai·
666 2687 676 2719 i
702 2687 752 2719 fflt
777 2687 881 2729 faerb,
915 2688 993 2720 alia
1017 2698 1149 2731 nnana,
1187 2689 1254 2723 sed
1280 2699 1421 2731 coceva,

83 2749 242 2778 exarata
267 2750 365 2780 sum.
403 2765 446 2773 --
483 2746 518 2790 ³)
544 2747 749 2790 syncllaust,
786 2747 849 2791 W,
883 2759 1094 2792 perperam.
