1832 3294
80 224 152 268 IV.
192 221 269 267 27.
560 241 750 273 Fleuum:
777 239 1038 273 onATioNJS.
1341 217 1437 264 249

182 360 258 407 27.
327 364 539 406 Euomm
560 359 822 426 (ἐρώτημα)
861 368 925 405 est
961 361 1123 420 figura,
1172 377 1252 422 qua
1291 360 1438 404 eadem

83 442 135 487 de
172 459 217 487 re
255 443 406 503 saepius
443 443 673 503 quaeritur,
720 449 762 486 et
803 442 854 486 ad
901 442 1079 486 eandem
1126 442 1276 487 eodem
1312 441 1439 485 modo

84 523 392 583 respondetur,
445 530 491 567 ut
527 523 604 566 h'oc
640 523 762 566 loco:

282 604 387 657 Quis
424 601 644 647 moritur?
695 604 852 646 Rector
888 604 1041 661 gregis.

281 682 408 729 Cur?
462 689 633 743 propter
670 682 794 726 vitam
831 683 984 726 ovium.

281 763 551 819 Quomodo?
602 762 805 822 Pependit
842 763 880 806 in
917 779 1056 807 cruce.

278 844 405 890 Ubi?
461 846 559 898 Quo
596 844 688 888 loeo
723 846 905 888 Lazarus
943 844 1153 888 humatur.

283 924 508 980 Quando?
560 927 675 969 Hora
711 924 890 969 maxime
926 925 1063 969 tertia.

280 1006 464 1060 Quinam
500 1005 539 1050 id
578 1004 827 1063 urgebant?
877 1005 1028 1049 Judaei.

285 1087 391 1140 Quis
430 1085 615 1131 fruitur?
659 1086 941 1130 Etbnicismus
979 1086 1240 1130 emendatus.

280 1167 356 1212 Cui
393 1166 610 1211 nocetur?
662 1166 832 1210 Diaboli
868 1167 1109 1226 potestatia-.

81 1247 218 1307 Hujus
257 1249 469 1308 strophae7
507 1263 601 1309 quae
639 1247 822 1292 sedecim
862 1247 1217 1292 enuntiationibus
1254 1254 1438 1305 constat,

86 1329 260 1388 singulis
289 1328 480 1373 versibus
510 1329 686 1389 quaestio
714 1334 755 1372 et
779 1343 1027 1388 responsum
1048 1330 1170 1373 inest.
1241 1328 1325 1373 Sed
1354 1329 1442 1373 haec

85 1409 233 1454 eadem
268 1410 404 1469 figura
435 1408 740 1471 quaestionibus
770 1409 906 1453 minus
935 1409 1120 1468 angustis
1148 1410 1441 1469 repraesentari

82 1497 253 1550 potest:

282 1571 388 1626 Quis
425 1570 614 1616 cecidit?
664 1570 908 1615 Hordorum
944 1570 1188 1630 imperator.

280 1650 406 1697 Ubi?
462 1666 545 1711 quo
582 1651 674 1695 loco
711 1650 784 1694 viri
821 1650 1136 1710 praeliabantur.

283 1731 506 1786 Quando?
557 1733 672 1775 Hora
710 1731 831 1775 tertia
868 1730 1150 1790 pomeridiana
1188 1730 1397 1775 occubuit.

283 1814 391 1867 Quae
429 1827 553 1856 causa
590 1811 707 1856 fuit?
761 1810 916 1855 Invidia
954 1811 1145 1854 excitata.

284 1893 389 1946 Quis
426 1892 556 1936 telum
593 1891 852 1936 intentavit?
899 1891 1054 1935 Kalvus
1092 1890 1251 1934 hastam
1293 1890 1439 1934 tenuit.

282 1973 467 2027 Quinam
502 1972 597 2017 talia
634 1970 877 2032 optabant?
929 1971 1125 2015 Thrandi.

282 2051 395 2107 Quid
431 2051 624 2097 fruitur?
677 2052 840 2096 Sanitas
876 2051 1084 2095 restituta.

282 2132 396 2190 Quid
433 2132 590 2176 dolet?
641 2132 872 2176 Hominum
909 2131 1018 2175 vitia.

174 2298 214 2341 a)
241 2299 460 2333 constructio
484 2309 545 2342 per
565 2309 603 2331 se
626 2302 731 2342 patet.
780 2300 905 2332 Eadem
929 2299 1041 2340 figura
1061 2298 1210 2331 occurrit
1232 2298 1265 2331 in
1289 2297 1443 2330 carmine

83 2359 195 2403 Lino,
230 2363 293 2392 str.
319 2359 376 2393 62.
