1832 3294
65 238 140 283 111.
177 236 285 282 6-8.
364 252 726 285 FUNDAMENTUM
764 252 1117 285 GRAMMArlcEs.
1352 233 1416 279 87

66 376 336 436 verborum):
373 372 563 420 lavacra
585 374 845 433 (eelerium),
882 372 1081 433 spalcra
1105 373 1413 434 (sapientium).

65 462 183 504 Duas
218 474 356 504 moras
384 456 510 501 habet
537 455 690 514 syllaba
728 490 739 500 .
762 491 771 500 .
794 491 803 500 .
826 491 837 500 .
860 491 870 500 .
895 491 904 500 .
975 458 1092 500 Duas
1121 456 1246 501 semis
1273 471 1412 501 moras

67 541 195 585 habet
231 539 415 601 syllaba,
468 537 507 581 in
544 551 624 596 qua
660 553 741 580 una
778 552 1010 581 consonans
1048 538 1231 582 vocalem
1266 544 1415 582 natura

66 622 238 681 longum
268 619 561 680 consequitur,
600 617 669 676 (ut
697 617 811 674 hicz)
847 615 955 662 lee‘o'l
980 618 1142 676 (rota),
1180 618 1262 664 so'l
1289 619 1412 677 (501).

67 704 172 748 Tres
215 717 352 746 moras
396 699 523 744 habet
558 698 744 759 syllaba,
789 698 830 741 in
875 714 956 759 qua
1000 698 1092 743 duae
1136 702 1413 744 consonantes

66 784 251 830 vocalem
294 782 462 840 longam
508 779 748 839 excipiunt,
801 786 847 824 ut
892 779 987 824 hio:
1042 780 1182 826 bio'rs
1228 781 1412 841 (zythi),

67 865 205 911 sto'rs
252 863 452 923 (magni).
538 863 697 907 Verum
752 869 892 906 tamen
947 861 1019 906 viri
1073 860 1183 906 docti
1225 861 1414 906 hodierni

66 945 265 1006 temporis
302 945 341 988 in
377 943 566 988 versibus
611 942 804 987 faciendis
851 942 1043 987 omnibus
1087 942 1252 1003 syllabis
1288 957 1414 987 unam

66 1033 138 1072 aut
173 1026 274 1071 duas
310 1040 447 1070 moras
484 1023 740 1069 adtribuunt.

166 1130 211 1176 7.
281 1129 469 1174 Tertium
498 1128 712 1188 (syllabae)
750 1128 939 1173 accidens
971 1135 1034 1173 est
1063 1145 1280 1187 SP1R1VTU53
1318 1145 1412 1173 nam

66 1227 244 1274 quaeque
280 1210 431 1272 syllaba
468 1210 656 1270 spiritum
684 1209 812 1254 habet
840 1217 911 1255 aut
937 1211 1073 1255 lenem
1101 1218 1172 1255 aut
1200 1227 1411 1272 asperum.

68 1293 244 1354 Spiritus
272 1292 372 1351 (hoc
392 1291 506 1350 1000)
538 1290 686 1335 dicitur
703 1297 840 1335 motus
861 1292 1205 1352 pronuntiationis
1227 1292 1411 1353 syllabae.

68 1374 264 1435 Spiritum
296 1389 490 1434 asperum
516 1371 643 1416 habet
671 1372 855 1433 syllaba,
893 1389 1033 1418 crasso
1062 1374 1205 1433 spiritu
1234 1374 1410 1434 prolata,

65 1462 113 1501 ut
146 1457 233 1500 haee
266 1455 417 1513 verba,
453 1451 690 1512 bran-scr,
726 1451 935 1514 ltorslcr,
974 1461 1221 1514 ceteraque,
1260 1454 1411 1515 quibus

64 1543 163 1582 nota
182 1535 466 1597 adspirationis
486 1534 728 1595 praefigitur.
770 1533 822 1579 Η
839 1536 1068 1596 appellatur
1086 1536 1249 1595 signum
1267 1536 1410 1594 (nota)

66 1616 385 1678 adspirationis,
430 1623 495 1661 est
529 1616 637 1660 enim
674 1632 748 1676 per
783 1632 827 1661 se
864 1617 973 1661 nulla
1011 1617 1193 1677 perfecta
1230 1617 1408 1678 syllaba,

65 1714 203 1760 neque
247 1713 510 1758 consonans,
555 1713 692 1758 neque
735 1698 930 1742 vocalisa.
1016 1700 1176 1742 Lenem
1221 1699 1411 1759 spiritum

64 1780 221 1826 habent
255 1779 447 1840 syllabae7
484 1778 635 1839 quibus
672 1779 784 1822 nulla
820 1779 1048 1838 praefigitur
1084 1786 1179 1824 nota
1217 1779 1409 1839 adspira-

0 1891 1 1894 =
64 1862 220 1921 tionis,
265 1867 312 1906 ut
346 1861 440 1905 hie:
494 1856 610 1904 ῑόνό
643 1859 830 1919 (terra),
876 1867 918 1904 et
954 1874 1095 1905 armr
1130 1860 1408 1918 (brachium).

66 1942 387 1989 Convenientius
415 1948 553 1986 tamen
581 1941 618 1985 in
646 1941 760 2001 poe‘si
790 1941 1114 2001 septemtrionali
1136 1942 1407 2000 existimatur,

64 2031 113 2069 ut
155 2030 226 2069 aut
268 2030 446 2084 utraque
490 2023 607 2067 litera
651 2038 768 2066 serva
814 2023 960 2083 hisque
996 2023 1255 2082 respondens
1293 2024 1409 2067 litera

65 2106 256 2167 princeps
292 2104 611 2165 adspirationem
647 2104 856 2163 habeant,
902 2111 973 2148 aut
1009 2105 1130 2148 nullae
1167 2120 1326 2148 earum.

180 2209 228 2256 8.
333 2210 541 2263 Quartum
595 2207 761 2268 syllabae
814 2207 1002 2253 accidens
1056 2214 1119 2253 est
1170 2224 1408 2252 ACCENTUS.

63 2290 274 2336 Accentus
311 2296 450 2334 autem
483 2290 562 2334 hoe
588 2290 678 2334 1000
708 2289 856 2334 dicitur
883 2296 1098 2334 accuratus
1127 2290 1236 2334 vocis
1265 2303 1408 2348 sonus,

66 2371 311 2430 significanti
338 2370 660 2431 pronuntiationi
688 2370 945 2429 conjunctus.
1017 2371 1208 2430 Quaeque
1238 2370 1409 2431 syllaba,

158 2520 195 2563 a)
219 2521 363 2554 Isidori
385 2521 489 2563 Oriy.
504 2520 589 2552 libr.
604 2521 633 2561 l,
663 2531 691 2552 c.
706 2520 751 2552 4.-
787 2520 844 2552 ”11
868 2524 980 2552 autem
997 2521 1095 2552 litera
1111 2532 1170 2563 pro
1185 2522 1259 2552 sola
1273 2520 1410 2563 aspira-

66 2581 157 2614 tione
174 2583 309 2623 adJecta
330 2586 383 2614 est
404 2586 532 2623 postea.
582 2582 679 2614 Unde
697 2587 727 2614 et
750 2594 770 2614 a
790 2583 956 2625 plerisque
978 2583 1144 2624 aspiratio
1167 2586 1303 2625 putatur
1322 2592 1410 2622 esse,

66 2652 131 2675 non
145 2632 265 2683 litei-ag
291 2655 361 2687 qua:
376 2643 512 2685 proinde
527 2643 745 2685 aspirationis
760 2648 839 2675 nota
851 2644 984 2683 dicitur,
1000 2644 1074 2687 quia
1087 2655 1200 2676 vocem
1214 2643 1357 2675 elevat⁷'.
1368 2660 1411 2664 —

67 2703 190 2738 Prisc.
207 2706 292 2737 libr.
306 2705 335 2736 1.
351 2705 404 2737 ed.
419 2705 570 2738 Pul-sch.
587 2705 744 2738 543-4:
777 2705 835 2737 ”11
855 2716 934 2736 vero
957 2705 1180 2747 aspirationis
1195 2708 1247 2736 est
1261 2708 1351 2741 nota,
1379 2706 1412 2734 et

69 2764 151 2796 nihil
174 2765 264 2798 aliud
283 2766 382 2799 habet
401 2766 506 2798 literae
527 2766 593 2798 nisi
618 2767 780 2807 figuram,
808 2770 840 2797 et
861 2767 946 2810 quod
966 2767 999 2798 in
1022 2777 1122 2798 versu
1145 2766 1304 2798 scribitur
1325 2765 1412 2795 inter

69 2824 156 2858 alias
181 2826 314 2860 literas.
361 2828 475 2870 Neque
501 2827 587 2860 enim
614 2826 739 2860 vocalis
765 2826 826 2860 ne'c
851 2838 1044 2861 consonans
1071 2838 1147 2860 esse
1174 2826 1320 2869 potest'’.
