<?xml version="1.0" encoding="UTF-8"?>
<!DOCTYPE html PUBLIC "-//W3C//DTD XHTML 1.0 Transitional//EN"
    "http://www.w3.org/TR/xhtml1/DTD/xhtml1-transitional.dtd">
<html xmlns="http://www.w3.org/1999/xhtml" xml:lang="en" lang="en">
 <head>
  <title>
</title>
<meta http-equiv="Content-Type" content="text/html;charset=utf-8" />
  <meta name='ocr-system' content='tesseract 3.04.00' />
  <meta name='ocr-capabilities' content='ocr_page ocr_carea ocr_par ocr_line ocrx_word'/>
</head>
<body>
  <div class='ocr_page' id='page_1' title='image "./eddasnorrasturlu02hafnuoft_0015.png"; bbox 0 0 1919 3329; ppageno 0'>
   <div class='ocr_carea' id='block_1_1' title="bbox 0 0 37 3329">
    <p class='ocr_par' dir='ltr' id='par_1_1' title="bbox 0 0 37 3329">
     <span class='ocr_line' id='line_1_1' title="bbox 0 0 37 3329; baseline 0 0"><span class='ocrx_word' id='word_1_1' title='bbox 0 0 37 3329; x_wconf 95' lang='lat' dir='ltr'><em> </em></span> 
     </span>
    </p>
   </div>
   <div class='ocr_carea' id='block_1_2' title="bbox 1409 255 1468 284">
    <p class='ocr_par' dir='ltr' id='par_1_2' title="bbox 1409 255 1468 284">
     <span class='ocr_line' id='line_1_2' title="bbox 1409 255 1468 284; baseline -0.034 0"><span class='ocrx_word' id='word_1_2' title='bbox 1409 255 1450 284; x_wconf 75' lang='lat' dir='ltr'><em>Vl</em></span> <span class='ocrx_word' id='word_1_3' title='bbox 1455 257 1468 283; x_wconf 86' lang='lat'>1</span> 
     </span>
    </p>
   </div>
   <div class='ocr_carea' id='block_1_3' title="bbox 135 363 1467 552">
    <p class='ocr_par' dir='ltr' id='par_1_3' title="bbox 135 363 1467 552">
     <span class='ocr_line' id='line_1_3' title="bbox 243 363 1467 433; baseline 0.002 -22"><span class='ocrx_word' id='word_1_4' title='bbox 243 363 301 411; x_wconf 91' lang='grc' dir='ltr'><em>Β.</em></span> <span class='ocrx_word' id='word_1_5' title='bbox 370 369 686 420; x_wconf 83' lang='lat' dir='ltr'><em>Additamenta‚</em></span> <span class='ocrx_word' id='word_1_6' title='bbox 728 383 819 426; x_wconf 78' lang='lat' dir='ltr'><em>qua&gt;</em></span> <span class='ocrx_word' id='word_1_7' title='bbox 849 371 1223 433; x_wconf 46' lang='lat' dir='ltr'><em>priestantissimas</em></span> <span class='ocrx_word' id='word_1_8' title='bbox 1263 370 1467 428; x_wconf 76' lang='lat' dir='ltr'><em>reliquias</em></span> 
     </span>
     <span class='ocr_line' id='line_1_4' title="bbox 136 437 1467 499; baseline 0.003 -18"><span class='ocrx_word' id='word_1_9' title='bbox 136 437 324 482; x_wconf 83' lang='lat' dir='ltr'><em>codicum</em></span> <span class='ocrx_word' id='word_1_10' title='bbox 352 463 403 469; x_wconf 94' lang='lat'>—</span> <span class='ocrx_word' id='word_1_11' title='bbox 430 447 584 496; x_wconf 83' lang='lat' dir='ltr'><em>proeter</em></span> <span class='ocrx_word' id='word_1_12' title='bbox 614 437 793 494; x_wconf 74' lang='lat' dir='ltr'><em>Reyium</em></span> <span class='ocrx_word' id='word_1_13' title='bbox 822 447 856 481; x_wconf 91' lang='lat' dir='ltr'><em>et</em></span> <span class='ocrx_word' id='word_1_14' title='bbox 881 439 1169 483; x_wconf 87' lang='lat' dir='ltr'><em>Wormianum</em></span> <span class='ocrx_word' id='word_1_15' title='bbox 1197 466 1249 473; x_wconf 95' lang='lat'>—</span> <span class='ocrx_word' id='word_1_16' title='bbox 1278 442 1467 499; x_wconf 64' lang='lat' dir='ltr'><em>integras</em></span> 
     </span>
     <span class='ocr_line' id='line_1_5' title="bbox 135 508 312 552; baseline 0.006 -1"><span class='ocrx_word' id='word_1_17' title='bbox 135 508 312 552; x_wconf 84' lang='lat' dir='ltr'><em>dabunt.</em></span> 
     </span>
    </p>
   </div>
   <div class='ocr_carea' id='block_1_4' title="bbox 122 607 1469 2542">
    <p class='ocr_par' dir='ltr' id='par_1_4' title="bbox 122 607 1469 2542">
     <span class='ocr_line' id='line_1_6' title="bbox 243 607 1465 668; baseline 0.003 -18"><span class='ocrx_word' id='word_1_18' title='bbox 243 610 273 651; x_wconf 89' lang='grc' dir='ltr'><em>Ι.</em></span> <span class='ocrx_word' id='word_1_19' title='bbox 342 607 659 652; x_wconf 84' lang='lat' dir='ltr'><em>Snorra-Edda</em></span> <span class='ocrx_word' id='word_1_20' title='bbox 695 607 921 651; x_wconf 89' lang='lat' dir='ltr'><em>secundum</em></span> <span class='ocrx_word' id='word_1_21' title='bbox 951 609 1129 653; x_wconf 81' lang='lat' dir='ltr'><em>codicem</em></span> <span class='ocrx_word' id='word_1_22' title='bbox 1163 610 1465 668; x_wconf 86' lang='lat' dir='ltr'><em>Upsaliensem,</em></span> 
     </span>
     <span class='ocr_line' id='line_1_7' title="bbox 129 677 1469 736; baseline 0.001 -14"><span class='ocrx_word' id='word_1_23' title='bbox 129 692 176 736; x_wconf 87' lang='lat' dir='ltr'><em>p.</em></span> <span class='ocrx_word' id='word_1_24' title='bbox 193 677 479 722; x_wconf 76' lang='lat'><em>250—396.</em></span> <span class='ocrx_word' id='word_1_25' title='bbox 537 677 621 720; x_wconf 89' lang='lat' dir='ltr'><em>Hic</em></span> <span class='ocrx_word' id='word_1_26' title='bbox 644 677 774 720; x_wconf 72' lang='lat' dir='ltr'><em>codem</em></span> <span class='ocrx_word' id='word_1_27' title='bbox 788 678 1149 733; x_wconf 79' lang='lat' dir='ltr'><em>membranaceuS,</em></span> <span class='ocrx_word' id='word_1_28' title='bbox 1182 681 1295 724; x_wconf 87' lang='lat' dir='ltr'><em>circa</em></span> <span class='ocrx_word' id='word_1_29' title='bbox 1310 694 1469 724; x_wconf 87' lang='lat' dir='ltr'><em>annum</em></span> 
     </span>
     <span class='ocr_line' id='line_1_8' title="bbox 136 747 1468 807; baseline 0.002 -15"><span class='ocrx_word' id='word_1_30' title='bbox 136 747 298 800; x_wconf 86' lang='lat'><em>1300,</em></span> <span class='ocrx_word' id='word_1_31' title='bbox 328 756 373 791; x_wconf 92' lang='lat' dir='ltr'><em>ut</em></span> <span class='ocrx_word' id='word_1_32' title='bbox 386 748 632 805; x_wconf 75' lang='lat' dir='ltr'><em>yenealoyia</em></span> <span class='ocrx_word' id='word_1_33' title='bbox 646 747 976 805; x_wconf 73' lang='lat' dir='ltr'><em>Sturlunqorum</em></span> <span class='ocrx_word' id='word_1_34' title='bbox 992 757 1028 792; x_wconf 91' lang='lat' dir='ltr'><em>et</em></span> <span class='ocrx_word' id='word_1_35' title='bbox 1041 762 1234 792; x_wconf 83' lang='lat' dir='ltr'><em>recensus</em></span> <span class='ocrx_word' id='word_1_36' title='bbox 1243 755 1468 807; x_wconf 77' lang='lat' dir='ltr'><em>poetarum</em></span> 
     </span>
     <span class='ocr_line' id='line_1_9' title="bbox 131 817 1469 877; baseline 0.002 -16"><span class='ocrx_word' id='word_1_37' title='bbox 131 817 521 875; x_wconf 72' lang='lat' dir='ltr'><em>septentrionalium</em></span> <span class='ocrx_word' id='word_1_38' title='bbox 556 818 836 870; x_wconf 85' lang='lat' dir='ltr'><em>demonstrat,</em></span> <span class='ocrx_word' id='word_1_39' title='bbox 877 827 1105 872; x_wconf 81' lang='lat' dir='ltr'><em>exaratus,</em></span> <span class='ocrx_word' id='word_1_40' title='bbox 1146 819 1303 862; x_wconf 87' lang='lat' dir='ltr'><em>librum</em></span> <span class='ocrx_word' id='word_1_41' title='bbox 1331 821 1469 877; x_wconf 88' lang='lat' dir='ltr'><em>ipsum</em></span> 
     </span>
     <span class='ocr_line' id='line_1_10' title="bbox 131 886 1469 947; baseline 0.001 -16"><span class='ocrx_word' id='word_1_42' title='bbox 131 886 303 931; x_wconf 86' lang='lat' dir='ltr'><em>Eddam</em></span> <span class='ocrx_word' id='word_1_43' title='bbox 355 897 390 932; x_wconf 89' lang='lat' dir='ltr'><em>et</em></span> <span class='ocrx_word' id='word_1_44' title='bbox 440 888 700 931; x_wconf 83' lang='lat' dir='ltr'><em>Snorronem</em></span> <span class='ocrx_word' id='word_1_45' title='bbox 752 888 979 932; x_wconf 83' lang='lat' dir='ltr'><em>Sturlaeum</em></span> <span class='ocrx_word' id='word_1_46' title='bbox 1029 887 1211 947; x_wconf 81' lang='lat' dir='ltr'><em>ejusdem</em></span> <span class='ocrx_word' id='word_1_47' title='bbox 1260 898 1469 933; x_wconf 81' lang='lat' dir='ltr'><em>auctorem</em></span> 
     </span>
     <span class='ocr_line' id='line_1_11' title="bbox 131 957 1468 1018; baseline 0.001 -17"><span class='ocrx_word' id='word_1_48' title='bbox 131 957 367 1001; x_wconf 87' lang='lat' dir='ltr'><em>nominat¹.</em></span> <span class='ocrx_word' id='word_1_49' title='bbox 438 958 530 1001; x_wconf 90' lang='lat' dir='ltr'><em>Hoc</em></span> <span class='ocrx_word' id='word_1_50' title='bbox 568 959 845 1001; x_wconf 88' lang='lat' dir='ltr'><em>testimonium</em></span> <span class='ocrx_word' id='word_1_51' title='bbox 883 958 1084 1011; x_wconf 85' lang='lat' dir='ltr'><em>librarii,</em></span> <span class='ocrx_word' id='word_1_52' title='bbox 1130 968 1212 1002; x_wconf 89' lang='lat' dir='ltr'><em>tam</em></span> <span class='ocrx_word' id='word_1_53' title='bbox 1240 973 1375 1018; x_wconf 89' lang='lat' dir='ltr'><em>prope</em></span> <span class='ocrx_word' id='word_1_54' title='bbox 1410 961 1468 1003; x_wconf 86' lang='lat' dir='ltr'><em>ad</em></span> 
     </span>
     <span class='ocr_line' id='line_1_12' title="bbox 132 1028 1465 1085; baseline 0.002 -15"><span class='ocrx_word' id='word_1_55' title='bbox 132 1036 291 1071; x_wconf 84' lang='lat' dir='ltr'><em>oetatem</em></span> <span class='ocrx_word' id='word_1_56' title='bbox 312 1028 495 1071; x_wconf 85' lang='lat' dir='ltr'><em>auctoris</em></span> <span class='ocrx_word' id='word_1_57' title='bbox 519 1028 714 1080; x_wconf 85' lang='lat' dir='ltr'><em>viventis,</em></span> <span class='ocrx_word' id='word_1_58' title='bbox 744 1042 908 1085; x_wconf 76' lang='lat' dir='ltr'><em>maynoe</em></span> <span class='ocrx_word' id='word_1_59' title='bbox 933 1029 1194 1072; x_wconf 78' lang='lat' dir='ltr'><em>auctoritatis</em></span> <span class='ocrx_word' id='word_1_60' title='bbox 1222 1043 1307 1072; x_wconf 90' lang='lat' dir='ltr'><em>esse</em></span> <span class='ocrx_word' id='word_1_61' title='bbox 1336 1029 1465 1082; x_wconf 84' lang='lat' dir='ltr'><em>debet,</em></span> 
     </span>
     <span class='ocr_line' id='line_1_13' title="bbox 131 1098 1465 1156; baseline 0.002 -16"><span class='ocrx_word' id='word_1_62' title='bbox 131 1112 205 1141; x_wconf 90' lang='lat' dir='ltr'><em>nec</em></span> <span class='ocrx_word' id='word_1_63' title='bbox 232 1099 410 1141; x_wconf 89' lang='lat' dir='ltr'><em>minoris</em></span> <span class='ocrx_word' id='word_1_64' title='bbox 444 1099 640 1141; x_wconf 85' lang='lat' dir='ltr'><em>momenti</em></span> <span class='ocrx_word' id='word_1_65' title='bbox 675 1107 758 1151; x_wconf 91' lang='lat' dir='ltr'><em>est,</em></span> <span class='ocrx_word' id='word_1_66' title='bbox 805 1098 916 1156; x_wconf 81' lang='lat' dir='ltr'><em>quod</em></span> <span class='ocrx_word' id='word_1_67' title='bbox 951 1107 1139 1142; x_wconf 87' lang='lat' dir='ltr'><em>contenta</em></span> <span class='ocrx_word' id='word_1_68' title='bbox 1174 1099 1280 1142; x_wconf 86' lang='lat' dir='ltr'><em>libri</em></span> <span class='ocrx_word' id='word_1_69' title='bbox 1306 1099 1465 1152; x_wconf 82' lang='lat' dir='ltr'><em>Eddoe,</em></span> 
     </span>
     <span class='ocr_line' id='line_1_14' title="bbox 131 1168 1464 1225; baseline 0.001 -13"><span class='ocrx_word' id='word_1_70' title='bbox 131 1182 158 1212; x_wconf 86' lang='lat' dir='ltr'><em>a</em></span> <span class='ocrx_word' id='word_1_71' title='bbox 181 1168 399 1212; x_wconf 89' lang='lat' dir='ltr'><em>Snorrone</em></span> <span class='ocrx_word' id='word_1_72' title='bbox 427 1169 615 1225; x_wconf 84' lang='lat' dir='ltr'><em>scriptae,</em></span> <span class='ocrx_word' id='word_1_73' title='bbox 656 1168 836 1211; x_wconf 85' lang='lat' dir='ltr'><em>breviter</em></span> <span class='ocrx_word' id='word_1_74' title='bbox 865 1177 1096 1222; x_wconf 85' lang='lat' dir='ltr'><em>enumerat,</em></span> <span class='ocrx_word' id='word_1_75' title='bbox 1128 1169 1266 1212; x_wconf 92' lang='lat' dir='ltr'><em>eodem</em></span> <span class='ocrx_word' id='word_1_76' title='bbox 1294 1169 1464 1222; x_wconf 84' lang='lat' dir='ltr'><em>ordine,</em></span> 
     </span>
     <span class='ocr_line' id='line_1_15' title="bbox 131 1237 1468 1296; baseline 0.001 -15"><span class='ocrx_word' id='word_1_77' title='bbox 131 1252 212 1296; x_wconf 82' lang='lat' dir='ltr'><em>quo</em></span> <span class='ocrx_word' id='word_1_78' title='bbox 241 1239 288 1281; x_wconf 90' lang='lat' dir='ltr'><em>in</em></span> <span class='ocrx_word' id='word_1_79' title='bbox 317 1237 391 1281; x_wconf 84' lang='lat' dir='ltr'><em>hoc</em></span> <span class='ocrx_word' id='word_1_80' title='bbox 422 1239 559 1281; x_wconf 82' lang='lat' dir='ltr'><em>codice</em></span> <span class='ocrx_word' id='word_1_81' title='bbox 587 1240 791 1295; x_wconf 87' lang='lat' dir='ltr'><em>scriptum</em></span> <span class='ocrx_word' id='word_1_82' title='bbox 818 1238 1020 1282; x_wconf 87' lang='lat' dir='ltr'><em>videmus.</em></span> <span class='ocrx_word' id='word_1_83' title='bbox 1094 1239 1294 1292; x_wconf 82' lang='lat' dir='ltr'><em>Quamvis</em></span> <span class='ocrx_word' id='word_1_84' title='bbox 1333 1240 1468 1296; x_wconf 72' lang='lat' dir='ltr'><em>iqitur</em></span> 
     </span>
     <span class='ocr_line' id='line_1_16' title="bbox 130 1307 1465 1367; baseline 0.001 -16"><span class='ocrx_word' id='word_1_85' title='bbox 130 1307 339 1351; x_wconf 83' lang='lat' dir='ltr'><em>librarius</em></span> <span class='ocrx_word' id='word_1_86' title='bbox 376 1308 452 1351; x_wconf 87' lang='lat' dir='ltr'><em>iste</em></span> <span class='ocrx_word' id='word_1_87' title='bbox 484 1322 571 1351; x_wconf 89' lang='lat' dir='ltr'><em>rem</em></span> <span class='ocrx_word' id='word_1_88' title='bbox 598 1323 716 1351; x_wconf 88' lang='lat' dir='ltr'><em>suam</em></span> <span class='ocrx_word' id='word_1_89' title='bbox 747 1317 923 1352; x_wconf 90' lang='lat' dir='ltr'><em>ceterum</em></span> <span class='ocrx_word' id='word_1_90' title='bbox 951 1318 1034 1352; x_wconf 89' lang='lat' dir='ltr'><em>tam</em></span> <span class='ocrx_word' id='word_1_91' title='bbox 1061 1310 1286 1353; x_wconf 86' lang='lat' dir='ltr'><em>oscitanter</em></span> <span class='ocrx_word' id='word_1_92' title='bbox 1315 1311 1465 1367; x_wconf 74' lang='lat' dir='ltr'><em>eyerit‚</em></span> 
     </span>
     <span class='ocr_line' id='line_1_17' title="bbox 129 1378 1464 1437; baseline 0.001 -16"><span class='ocrx_word' id='word_1_93' title='bbox 129 1386 175 1421; x_wconf 87' lang='lat' dir='ltr'><em>ut</em></span> <span class='ocrx_word' id='word_1_94' title='bbox 215 1379 328 1421; x_wconf 86' lang='lat' dir='ltr'><em>mira</em></span> <span class='ocrx_word' id='word_1_95' title='bbox 367 1379 454 1433; x_wconf 85' lang='lat' dir='ltr'><em>fere</em></span> <span class='ocrx_word' id='word_1_96' title='bbox 496 1378 693 1431; x_wconf 85' lang='lat' dir='ltr'><em>inscitia,</em></span> <span class='ocrx_word' id='word_1_97' title='bbox 740 1393 823 1437; x_wconf 81' lang='lat' dir='ltr'><em>qua</em></span> <span class='ocrx_word' id='word_1_98' title='bbox 864 1379 1098 1422; x_wconf 82' lang='lat' dir='ltr'><em>innumeris</em></span> <span class='ocrx_word' id='word_1_99' title='bbox 1143 1380 1243 1423; x_wconf 84' lang='lat' dir='ltr'><em>locis</em></span> <span class='ocrx_word' id='word_1_100' title='bbox 1287 1388 1464 1432; x_wconf 77' lang='lat' dir='ltr'><em>teoetum,</em></span> 
     </span>
     <span class='ocr_line' id='line_1_18' title="bbox 122 1448 1467 1507; baseline 0.001 -17"><span class='ocrx_word' id='word_1_101' title='bbox 122 1449 364 1505; x_wconf 84' lang='lat' dir='ltr'><em>proesertim</em></span> <span class='ocrx_word' id='word_1_102' title='bbox 400 1449 450 1491; x_wconf 89' lang='lat' dir='ltr'><em>in</em></span> <span class='ocrx_word' id='word_1_103' title='bbox 487 1448 774 1502; x_wconf 83' lang='lat' dir='ltr'><em>carminibus,</em></span> <span class='ocrx_word' id='word_1_104' title='bbox 819 1450 1032 1505; x_wconf 83' lang='lat' dir='ltr'><em>corrupit,</em></span> <span class='ocrx_word' id='word_1_105' title='bbox 1075 1463 1273 1506; x_wconf 72' lang='lat' dir='ltr'><em>maynam</em></span> <span class='ocrx_word' id='word_1_106' title='bbox 1302 1458 1467 1507; x_wconf 89' lang='lat' dir='ltr'><em>partem</em></span> 
     </span>
     <span class='ocr_line' id='line_1_19' title="bbox 128 1518 1466 1577; baseline 0.001 -17"><span class='ocrx_word' id='word_1_107' title='bbox 128 1518 390 1561; x_wconf 84' lang='lat' dir='ltr'><em>auctoritatis</em></span> <span class='ocrx_word' id='word_1_108' title='bbox 433 1533 520 1562; x_wconf 78' lang='lat' dir='ltr'><em>succ</em></span> <span class='ocrx_word' id='word_1_109' title='bbox 564 1518 848 1571; x_wconf 77' lang='lat' dir='ltr'><em>destruoccrit‚</em></span> <span class='ocrx_word' id='word_1_110' title='bbox 896 1527 1032 1562; x_wconf 89' lang='lat' dir='ltr'><em>tamen</em></span> <span class='ocrx_word' id='word_1_111' title='bbox 1074 1533 1176 1576; x_wconf 88' lang='lat' dir='ltr'><em>opus</em></span> <span class='ocrx_word' id='word_1_112' title='bbox 1221 1518 1336 1577; x_wconf 85' lang='lat' dir='ltr'><em>ejus,</em></span> <span class='ocrx_word' id='word_1_113' title='bbox 1381 1533 1466 1562; x_wconf 90' lang='lat' dir='ltr'><em>non</em></span> 
     </span>
     <span class='ocr_line' id='line_1_20' title="bbox 129 1587 1466 1646; baseline 0.001 -15"><span class='ocrx_word' id='word_1_114' title='bbox 129 1587 263 1631; x_wconf 87' lang='lat' dir='ltr'><em>solum</em></span> <span class='ocrx_word' id='word_1_115' title='bbox 287 1590 501 1631; x_wconf 83' lang='lat' dir='ltr'><em>vetustatis</em></span> <span class='ocrx_word' id='word_1_116' title='bbox 529 1602 699 1642; x_wconf 83' lang='lat' dir='ltr'><em>caussa,</em></span> <span class='ocrx_word' id='word_1_117' title='bbox 730 1589 804 1632; x_wconf 88' lang='lat' dir='ltr'><em>sed</em></span> <span class='ocrx_word' id='word_1_118' title='bbox 834 1597 869 1632; x_wconf 91' lang='lat' dir='ltr'><em>et</em></span> <span class='ocrx_word' id='word_1_119' title='bbox 889 1598 1066 1646; x_wconf 90' lang='lat' dir='ltr'><em>propter</em></span> <span class='ocrx_word' id='word_1_120' title='bbox 1095 1589 1286 1632; x_wconf 77' lang='lat' dir='ltr'><em>ordinem</em></span> <span class='ocrx_word' id='word_1_121' title='bbox 1315 1598 1350 1633; x_wconf 89' lang='lat' dir='ltr'><em>et</em></span> <span class='ocrx_word' id='word_1_122' title='bbox 1378 1589 1466 1632; x_wconf 91' lang='lat' dir='ltr'><em>dis-</em></span> 
     </span>
     <span class='ocr_line' id='line_1_21' title="bbox 122 1657 1466 1716; baseline 0.001 -16"><span class='ocrx_word' id='word_1_123' title='bbox 122 1657 376 1715; x_wconf 86' lang='lat' dir='ltr'><em>positionem</em></span> <span class='ocrx_word' id='word_1_124' title='bbox 405 1659 566 1715; x_wconf 89' lang='lat' dir='ltr'><em>operis,</em></span> <span class='ocrx_word' id='word_1_125' title='bbox 597 1672 682 1700; x_wconf 92' lang='lat' dir='ltr'><em>non</em></span> <span class='ocrx_word' id='word_1_126' title='bbox 709 1659 849 1701; x_wconf 88' lang='lat' dir='ltr'><em>minus</em></span> <span class='ocrx_word' id='word_1_127' title='bbox 880 1673 1004 1716; x_wconf 83' lang='lat' dir='ltr'><em>quam</em></span> <span class='ocrx_word' id='word_1_128' title='bbox 1031 1659 1295 1702; x_wconf 85' lang='lat' dir='ltr'><em>narrationis</em></span> <span class='ocrx_word' id='word_1_129' title='bbox 1323 1667 1358 1701; x_wconf 92' lang='lat' dir='ltr'><em>et</em></span> <span class='ocrx_word' id='word_1_130' title='bbox 1378 1673 1466 1702; x_wconf 86' lang='lat' dir='ltr'><em>ser-</em></span> 
     </span>
     <span class='ocr_line' id='line_1_22' title="bbox 127 1728 1466 1785; baseline 0.001 -15"><span class='ocrx_word' id='word_1_131' title='bbox 127 1728 263 1770; x_wconf 85' lang='lat' dir='ltr'><em>monis</em></span> <span class='ocrx_word' id='word_1_132' title='bbox 292 1741 447 1785; x_wconf 80' lang='lat' dir='ltr'><em>9enus‚</em></span> <span class='ocrx_word' id='word_1_133' title='bbox 487 1728 696 1785; x_wconf 72' lang='lat' dir='ltr'><em>inteyrum</em></span> <span class='ocrx_word' id='word_1_134' title='bbox 725 1728 854 1770; x_wconf 87' lang='lat' dir='ltr'><em>lucem</em></span> <span class='ocrx_word' id='word_1_135' title='bbox 880 1728 1023 1771; x_wconf 82' lang='lat' dir='ltr'><em>videre</em></span> <span class='ocrx_word' id='word_1_136' title='bbox 1050 1730 1230 1781; x_wconf 85' lang='lat' dir='ltr'><em>meruit,</em></span> <span class='ocrx_word' id='word_1_137' title='bbox 1269 1737 1304 1772; x_wconf 93' lang='lat' dir='ltr'><em>et</em></span> <span class='ocrx_word' id='word_1_138' title='bbox 1330 1730 1466 1772; x_wconf 78' lang='lat' dir='ltr'><em>visum</em></span> 
     </span>
     <span class='ocr_line' id='line_1_23' title="bbox 129 1797 1463 1856; baseline 0.001 -16"><span class='ocrx_word' id='word_1_139' title='bbox 129 1805 212 1850; x_wconf 88' lang='lat' dir='ltr'><em>est,</em></span> <span class='ocrx_word' id='word_1_140' title='bbox 249 1797 323 1841; x_wconf 76' lang='lat' dir='ltr'><em>hoc</em></span> <span class='ocrx_word' id='word_1_141' title='bbox 360 1798 437 1841; x_wconf 88' lang='lat' dir='ltr'><em>tali</em></span> <span class='ocrx_word' id='word_1_142' title='bbox 469 1797 590 1840; x_wconf 92' lang='lat' dir='ltr'><em>modo</em></span> <span class='ocrx_word' id='word_1_143' title='bbox 627 1812 777 1854; x_wconf 75' lang='lat' dir='ltr'><em>ayere,</em></span> <span class='ocrx_word' id='word_1_144' title='bbox 816 1807 860 1841; x_wconf 90' lang='lat' dir='ltr'><em>ut</em></span> <span class='ocrx_word' id='word_1_145' title='bbox 891 1813 1014 1856; x_wconf 83' lang='lat' dir='ltr'><em>quam</em></span> <span class='ocrx_word' id='word_1_146' title='bbox 1036 1799 1234 1856; x_wconf 81' lang='lat' dir='ltr'><em>proocime</em></span> <span class='ocrx_word' id='word_1_147' title='bbox 1262 1798 1319 1841; x_wconf 88' lang='lat' dir='ltr'><em>ad</em></span> <span class='ocrx_word' id='word_1_148' title='bbox 1348 1800 1463 1855; x_wconf 85' lang='lat' dir='ltr'><em>ipsas</em></span> 
     </span>
     <span class='ocr_line' id='line_1_24' title="bbox 128 1866 1464 1926; baseline 0 -15"><span class='ocrx_word' id='word_1_149' title='bbox 128 1866 282 1911; x_wconf 88' lang='lat' dir='ltr'><em>codicis</em></span> <span class='ocrx_word' id='word_1_150' title='bbox 306 1868 524 1911; x_wconf 86' lang='lat' dir='ltr'><em>scribendi</em></span> <span class='ocrx_word' id='word_1_151' title='bbox 543 1869 702 1924; x_wconf 85' lang='lat' dir='ltr'><em>formas</em></span> <span class='ocrx_word' id='word_1_152' title='bbox 727 1868 1010 1921; x_wconf 84' lang='lat' dir='ltr'><em>accederetur,</em></span> <span class='ocrx_word' id='word_1_153' title='bbox 1043 1868 1155 1926; x_wconf 81' lang='lat' dir='ltr'><em>quod</em></span> <span class='ocrx_word' id='word_1_154' title='bbox 1183 1869 1341 1911; x_wconf 77' lang='lat' dir='ltr'><em>eoeimia</em></span> <span class='ocrx_word' id='word_1_155' title='bbox 1363 1869 1464 1912; x_wconf 84' lang='lat' dir='ltr'><em>libe-</em></span> 
     </span>
     <span class='ocr_line' id='line_1_25' title="bbox 128 1938 1464 1996; baseline 0 -15"><span class='ocrx_word' id='word_1_156' title='bbox 128 1938 278 1982; x_wconf 83' lang='lat' dir='ltr'><em>ralitas</em></span> <span class='ocrx_word' id='word_1_157' title='bbox 316 1947 521 1981; x_wconf 87' lang='lat' dir='ltr'><em>rectorum</em></span> <span class='ocrx_word' id='word_1_158' title='bbox 558 1938 856 1981; x_wconf 67' lang='lat' dir='ltr'><em>illustrissima</em></span> <span class='ocrx_word' id='word_1_159' title='bbox 889 1938 1143 1982; x_wconf 77' lang='lat' dir='ltr'><em>bibliotliecce</em></span> <span class='ocrx_word' id='word_1_160' title='bbox 1179 1939 1464 1996; x_wconf 85' lang='lat' dir='ltr'><em>Upsaliensis‚</em></span> 
     </span>
     <span class='ocr_line' id='line_1_26' title="bbox 127 2008 1461 2066; baseline 0.001 -16"><span class='ocrx_word' id='word_1_161' title='bbox 127 2008 325 2066; x_wconf 89' lang='lat' dir='ltr'><em>inprimis</em></span> <span class='ocrx_word' id='word_1_162' title='bbox 354 2009 443 2050; x_wconf 84' lang='lat' dir='ltr'><em>viri</em></span> <span class='ocrx_word' id='word_1_163' title='bbox 470 2008 701 2051; x_wconf 86' lang='lat' dir='ltr'><em>doctissimi</em></span> <span class='ocrx_word' id='word_1_164' title='bbox 728 2011 764 2051; x_wconf 89' lang='lat' dir='ltr'><em>J.</em></span> <span class='ocrx_word' id='word_1_165' title='bbox 789 2010 836 2052; x_wconf 91' lang='lat' dir='ltr'><em>H.</em></span> <span class='ocrx_word' id='word_1_166' title='bbox 863 2009 1085 2061; x_wconf 76' lang='lat' dir='ltr'><em>Solu-oder,</em></span> <span class='ocrx_word' id='word_1_167' title='bbox 1117 2009 1210 2052; x_wconf 90' lang='lat' dir='ltr'><em>ord.</em></span> <span class='ocrx_word' id='word_1_168' title='bbox 1237 2009 1461 2052; x_wconf 82' lang='lat' dir='ltr'><em>Dannebr.</em></span> 
     </span>
     <span class='ocr_line' id='line_1_27' title="bbox 129 2077 1465 2136; baseline 0.001 -15"><span class='ocrx_word' id='word_1_169' title='bbox 129 2077 297 2136; x_wconf 63' lang='lat' dir='ltr'><em>Equic„</em></span> <span class='ocrx_word' id='word_1_170' title='bbox 334 2078 456 2121; x_wconf 82' lang='lat' dir='ltr'><em>nobis</em></span> <span class='ocrx_word' id='word_1_171' title='bbox 481 2078 683 2135; x_wconf 81' lang='lat' dir='ltr'><em>possibile</em></span> <span class='ocrx_word' id='word_1_172' title='bbox 711 2078 828 2135; x_wconf 82' lang='lat' dir='ltr'><em>fecit,</em></span> <span class='ocrx_word' id='word_1_173' title='bbox 861 2092 985 2136; x_wconf 83' lang='lat' dir='ltr'><em>quum</em></span> <span class='ocrx_word' id='word_1_174' title='bbox 1015 2093 1066 2121; x_wconf 76' lang='lat' dir='ltr'><em>eoe</em></span> <span class='ocrx_word' id='word_1_175' title='bbox 1087 2080 1289 2136; x_wconf 87' lang='lat' dir='ltr'><em>petitione</em></span> <span class='ocrx_word' id='word_1_176' title='bbox 1317 2088 1465 2122; x_wconf 81' lang='lat' dir='ltr'><em>nostra</em></span> 
     </span>
     <span class='ocr_line' id='line_1_28' title="bbox 129 2148 1463 2193; baseline 0 -1"><span class='ocrx_word' id='word_1_177' title='bbox 129 2149 238 2192; x_wconf 83' lang='lat' dir='ltr'><em>hunc</em></span> <span class='ocrx_word' id='word_1_178' title='bbox 262 2149 441 2192; x_wconf 88' lang='lat' dir='ltr'><em>codicem</em></span> <span class='ocrx_word' id='word_1_179' title='bbox 463 2148 731 2191; x_wconf 86' lang='lat' dir='ltr'><em>rarissimum</em></span> <span class='ocrx_word' id='word_1_180' title='bbox 754 2148 875 2191; x_wconf 83' lang='lat' dir='ltr'><em>nobis</em></span> <span class='ocrx_word' id='word_1_181' title='bbox 896 2148 953 2191; x_wconf 88' lang='lat' dir='ltr'><em>ad</em></span> <span class='ocrx_word' id='word_1_182' title='bbox 968 2149 1164 2191; x_wconf 87' lang='lat' dir='ltr'><em>utendum</em></span> <span class='ocrx_word' id='word_1_183' title='bbox 1181 2148 1463 2193; x_wconf 85' lang='lat' dir='ltr'><em>crediderunt.</em></span> 
     </span>
     <span class='ocr_line' id='line_1_29' title="bbox 128 2218 1466 2277; baseline 0 -16"><span class='ocrx_word' id='word_1_184' title='bbox 128 2218 222 2277; x_wconf 89' lang='lat' dir='ltr'><em>Ipsi</em></span> <span class='ocrx_word' id='word_1_185' title='bbox 249 2233 442 2261; x_wconf 89' lang='lat' dir='ltr'><em>numeros</em></span> <span class='ocrx_word' id='word_1_186' title='bbox 474 2220 675 2276; x_wconf 84' lang='lat' dir='ltr'><em>capitum,</em></span> <span class='ocrx_word' id='word_1_187' title='bbox 715 2220 874 2261; x_wconf 86' lang='lat' dir='ltr'><em>indices</em></span> <span class='ocrx_word' id='word_1_188' title='bbox 901 2219 1161 2275; x_wconf 72' lang='lat' dir='ltr'><em>payinarum</em></span> <span class='ocrx_word' id='word_1_189' title='bbox 1194 2219 1310 2261; x_wconf 84' lang='lat' dir='ltr'><em>Tomi</em></span> <span class='ocrx_word' id='word_1_190' title='bbox 1330 2220 1466 2275; x_wconf 84' lang='lat' dir='ltr'><em>primi</em></span> 
     </span>
     <span class='ocr_line' id='line_1_30' title="bbox 129 2288 1462 2346; baseline -0.001 -14"><span class='ocrx_word' id='word_1_191' title='bbox 129 2288 252 2346; x_wconf 80' lang='lat' dir='ltr'><em>hujus</em></span> <span class='ocrx_word' id='word_1_192' title='bbox 290 2289 486 2331; x_wconf 87' lang='lat' dir='ltr'><em>editionis</em></span> <span class='ocrx_word' id='word_1_193' title='bbox 524 2298 560 2332; x_wconf 83' lang='lat' dir='ltr'><em>et</em></span> <span class='ocrx_word' id='word_1_194' title='bbox 594 2289 757 2332; x_wconf 85' lang='lat' dir='ltr'><em>notulas</em></span> <span class='ocrx_word' id='word_1_195' title='bbox 788 2302 949 2345; x_wconf 86' lang='lat' dir='ltr'><em>paucas</em></span> <span class='ocrx_word' id='word_1_196' title='bbox 988 2288 1247 2331; x_wconf 50' lang='lat' dir='ltr'><em>addidimus</em></span> <span class='ocrx_word' id='word_1_197' title='bbox 1305 2289 1462 2340; x_wconf 85' lang='lat' dir='ltr'><em>Plura,</em></span> 
     </span>
     <span class='ocr_line' id='line_1_31' title="bbox 129 2358 1461 2416; baseline 0 -15"><span class='ocrx_word' id='word_1_198' title='bbox 129 2373 220 2416; x_wconf 80' lang='lat' dir='ltr'><em>quoe</em></span> <span class='ocrx_word' id='word_1_199' title='bbox 249 2358 306 2401; x_wconf 91' lang='lat' dir='ltr'><em>ad</em></span> <span class='ocrx_word' id='word_1_200' title='bbox 336 2359 528 2402; x_wconf 85' lang='lat' dir='ltr'><em>notitiam</em></span> <span class='ocrx_word' id='word_1_201' title='bbox 556 2358 679 2416; x_wconf 75' lang='lat' dir='ltr'><em>liujus</em></span> <span class='ocrx_word' id='word_1_202' title='bbox 712 2358 887 2410; x_wconf 87' lang='lat' dir='ltr'><em>codicis,</em></span> <span class='ocrx_word' id='word_1_203' title='bbox 921 2366 955 2400; x_wconf 87' lang='lat' dir='ltr'><em>et</em></span> <span class='ocrx_word' id='word_1_204' title='bbox 983 2360 1188 2416; x_wconf 87' lang='lat' dir='ltr'><em>specimen</em></span> <span class='ocrx_word' id='word_1_205' title='bbox 1216 2360 1461 2416; x_wconf 60' lang='lat' dir='ltr'><em>scripturae,</em></span> 
     </span>
     <span class='ocr_line' id='line_1_32' title="bbox 122 2427 1462 2487; baseline 0.001 -16"><span class='ocrx_word' id='word_1_206' title='bbox 122 2429 361 2486; x_wconf 87' lang='lat' dir='ltr'><em>pertinent,</em></span> <span class='ocrx_word' id='word_1_207' title='bbox 407 2428 452 2471; x_wconf 94' lang='lat' dir='ltr'><em>in</em></span> <span class='ocrx_word' id='word_1_208' title='bbox 489 2427 784 2486; x_wconf 83' lang='lat' dir='ltr'><em>disquisitione</em></span> <span class='ocrx_word' id='word_1_209' title='bbox 827 2429 877 2471; x_wconf 90' lang='lat' dir='ltr'><em>de</em></span> <span class='ocrx_word' id='word_1_210' title='bbox 913 2427 1126 2472; x_wconf 84' lang='lat' dir='ltr'><em>codicibus</em></span> <span class='ocrx_word' id='word_1_211' title='bbox 1162 2430 1462 2487; x_wconf 82' lang='lat' dir='ltr'><em>manuscriptis</em></span> 
     </span>
     <span class='ocr_line' id='line_1_33' title="bbox 129 2497 459 2542; baseline 0.003 -2"><span class='ocrx_word' id='word_1_212' title='bbox 129 2497 459 2542; x_wconf 80' lang='lat' dir='ltr'><em>enarrabuntur.</em></span> 
     </span>
    </p>
   </div>
   <div class='ocr_carea' id='block_1_5' title="bbox 130 2658 1464 2765">
    <p class='ocr_par' dir='ltr' id='par_1_5' title="bbox 130 2658 1464 2765">
     <span class='ocr_line' id='line_1_34' title="bbox 225 2658 1464 2705; baseline 0 -15"><span class='ocrx_word' id='word_1_213' title='bbox 225 2658 252 2700; x_wconf 88' lang='lat'><em>¹)</em></span> <span class='ocrx_word' id='word_1_214' title='bbox 277 2658 483 2702; x_wconf 75' lang='lat' dir='ltr'><em>Inscriptio</em></span> <span class='ocrx_word' id='word_1_215' title='bbox 509 2660 686 2692; x_wconf 75' lang='lat' dir='ltr'><em>librarii.-</em></span> <span class='ocrx_word' id='word_1_216' title='bbox 734 2660 827 2692; x_wconf 67' lang='lat' dir='ltr'><em>&#39;’tzok</em></span> <span class='ocrx_word' id='word_1_217' title='bbox 854 2659 947 2705; x_wconf 60' lang='lat' dir='ltr'><em>bessi</em></span> <span class='ocrx_word' id='word_1_218' title='bbox 975 2660 1077 2692; x_wconf 77' lang='lat' dir='ltr'><em>heitir</em></span> <span class='ocrx_word' id='word_1_219' title='bbox 1102 2661 1187 2692; x_wconf 69' lang='lat' dir='ltr'><em>cada</em></span> <span class='ocrx_word' id='word_1_220' title='bbox 1205 2683 1213 2691; x_wconf 90' lang='lat'><strong>.</strong></span> <span class='ocrx_word' id='word_1_221' title='bbox 1253 2659 1337 2691; x_wconf 75' lang='lat' dir='ltr'><em>hana</em></span> <span class='ocrx_word' id='word_1_222' title='bbox 1367 2658 1464 2690; x_wconf 71' lang='lat' dir='ltr'><em>heviv</em></span> 
     </span>
     <span class='ocr_line' id='line_1_35' title="bbox 130 2721 1112 2765; baseline 0.004 -15"><span class='ocrx_word' id='word_1_223' title='bbox 130 2729 247 2752; x_wconf 72' lang='lat' dir='ltr'><em>saman</em></span> <span class='ocrx_word' id='word_1_224' title='bbox 273 2724 361 2753; x_wconf 81' lang='lat' dir='ltr'><em>setta</em></span> <span class='ocrx_word' id='word_1_225' title='bbox 387 2721 503 2754; x_wconf 71' lang='lat' dir='ltr'><em>snm-ri</em></span> <span class='ocrx_word' id='word_1_226' title='bbox 531 2722 645 2754; x_wconf 63' lang='lat' dir='ltr'><em>siun-10</em></span> <span class='ocrx_word' id='word_1_227' title='bbox 673 2722 796 2763; x_wconf 58' lang='lat' dir='ltr'><em>sont-&#39;⁷5</em></span> <span class='ocrx_word' id='word_1_228' title='bbox 845 2722 931 2754; x_wconf 81' lang='lat' dir='ltr'><em>vide</em></span> <span class='ocrx_word' id='word_1_229' title='bbox 955 2734 990 2765; x_wconf 82' lang='lat' dir='ltr'><em>p.</em></span> <span class='ocrx_word' id='word_1_230' title='bbox 1016 2724 1112 2754; x_wconf 75' lang='lat'><em>250.</em></span> 
     </span>
    </p>
   </div>
  </div>
 </body>
</html>
