1832 3294
9 211 11 221 ι
47 224 121 268 111-
158 223 203 268 2·
372 242 729 275 FUNDAMENTUM
767 242 1117 275 GRAMMATicsss.
1327 226 1388 272 69

8 408 10 415 ,,
45 363 275 423 composita
307 372 394 423 est,
431 372 478 409 ut
504 368 597 422 ae‘r,
636 364 705 424 qui
734 380 959 424 corporeus
989 372 1077 424 est,
1115 366 1250 410 omnia
1279 366 1387 411 enim

8 473 9 478 =
43 460 219 505 corpora
256 453 352 490 sunt
386 445 643 506 composita3
681 461 851 490 necesse
888 462 986 491 vero
1023 453 1108 506 est,
1145 447 1284 492 similis
1319 462 1387 492 res

8 547 11 566 s
44 541 96 570 ex
125 526 244 570 simili
272 527 441 571 materia
470 527 562 584 fiat,
600 532 645 570 ut
671 542 767 570 caro
797 542 844 570 ex
875 543 1013 572 carne.
1084 530 1139 574 Ut
1174 535 1312 572 autem
1348 529 1386 572 in

43 607 287 668 corporibus
316 607 567 652 naturalibus
597 613 693 650 sunt
720 608 910 667 quaedam
938 624 1030 666 res,
1068 625 1161 669 quae
1182 609 1385 670 simplices

11 742 14 747 ὦ
46 694 261 746 vocantur,
291 688 425 748 qualia
444 695 540 732 sunt
559 689 779 745 elementa,
821 688 940 746 ignis,
978 695 1103 748 terra,
1140 706 1262 750 aqua,
1299 695 1386 749 ae'r,

13 800 15 808 s
42 785 135 830 quae
157 784 224 813 res
244 784 327 813 non
347 768 440 813 ideo
461 769 665 829 simplices
687 768 893 826 dicuntur,
922 769 1033 830 quod
1052 771 1132 814 sint
1150 770 1384 830 individuae,

8 870 11 891 ε
41 849 116 894 sed
146 849 259 910 quod
287 849 482 910 quaelibet
510 866 604 910 pars
625 865 768 894 earum
790 849 935 894 eadem
957 851 1008 895 sit
1027 867 1074 895 ac
1093 867 1214 895 suum
1232 858 1384 911 totum,

41 930 395 992 quemadmodum
422 947 545 991 parva
573 931 744 975 scintilla
772 931 959 990 ejusdem
987 939 1144 977 natura}
1172 939 1236 977 est
1259 941 1384 994 atque

9 1035 15 1077 ³,
39 1012 217 1057 maxima
250 1003 443 1057 flamina:
482 1014 538 1058 sic
564 1020 606 1057 θῖ
633 1012 760 1056 literae
789 1020 884 1057 sunt
910 1013 1127 1058 individuae
1154 1014 1192 1058 in
1213 1016 1384 1059 materia

9 1095 15 1135 ἴ
39 1093 252 1152 dissimili,
288 1093 330 1137 id
365 1100 452 1154 est,
490 1094 530 1138 in
565 1110 631 1138 res
669 1094 889 1138 dissimiles
919 1094 1040 1139 dividi
1071 1111 1151 1139 non
1178 1103 1383 1155 possunt3

40 1190 136 1219 nam
173 1189 205 1220 a
241 1182 477 1236 ceteraeque
513 1176 674 1220 vocales
715 1175 799 1234 jam
843 1176 1012 1221 brevem
1034 1211 1045 1233 ,
1093 1177 1180 1236 jam
1217 1177 1384 1237 longam

9 1251 16 1340 μ’
38 1256 312 1318 quantitatem
332 1257 510 1316 habent,
548 1272 640 1318 quae
660 1257 690 1301 si
710 1258 873 1317 longam
894 1260 1166 1319 quantitatem
1186 1259 1382 1315 habeant,

10 1324 16 1360 '¹
37 1337 141 1383 duas
177 1353 315 1382 moras
360 1353 478 1399 aeque
524 1339 669 1398 longas
706 1339 877 1383 habent.
964 1340 1200 1401 Philosophi
1244 1341 1382 1385 literas

10 1358 16 1385 *l

37 1426 235 1464 vocarunt
273 1418 546 1479 elementa,
585 1436 635 1464 eo
674 1420 809 1480 quod,
847 1428 893 1464 ut
921 1436 1095 1480 corpora
1124 1438 1173 1466 ex
1202 1429 1384 1483 quatuor

39 1500 255 1545 elementis
292 1501 465 1545 formata
503 1508 628 1557 sunt,
685 1502 741 1545 sic
776 1502 905 1545 literae
941 1502 1179 1562 compositae
1215 1519 1380 1548 omnem

11 1607 17 1642 ι,
38 1598 183 1627 vocem
212 1582 431 1641 literalem,
469 1582 595 1627 veluti
624 1598 773 1642 corpus
794 1583 975 1643 aliquod,
1013 1584 1211 1628 efficiunt.
1274 1586 1381 1630 Nam

36 1679 113 1709 vox
149 1679 270 1708 aures
299 1663 426 1723 pellit,
465 1670 712 1723 ternamque
737 1679 990 1721 mensuram,
1027 1671 1073 1708 ut
1101 1666 1251 1724 omnia,
1289 1682 1381 1727 quae

16 1760 238 1805 corporea
275 1751 402 1803 sunt,
446 1744 603 1802 habet,
657 1746 735 1788 hoc
771 1751 865 1804 est,
919 1745 1178 1790 altitudinem
1215 1763 1380 1792 sursum

17 1825 250 1886 deorsum,
287 1825 544 1870 latitudinem
573 1842 594 1870 a
623 1825 787 1869 sinistra
815 1832 858 1870 et
877 1825 1037 1885 dextra,
1076 1827 1379 1887 longitudinem

36 1914 273 1953 antrorsum
300 1913 342 1951 et
368 1914 620 1964 retrorsum3
658 1923 733 1951 vox
763 1907 872 1951 enim
900 1907 951 1951 ab
978 1908 1170 1953 omnibus
1190 1909 1377 1969 partibus

12 1983 191 2050 {percipi
226 1995 380 2048 potest.
450 1989 623 2049 Syllabae
652 1988 908 2033 altitudinem
939 1989 1093 2033 liabent
1122 1990 1160 2033 in
1188 1998 1375 2048 accentu,

12 2050 19 2116 l
35 2070 294 2116 latitudinem
319 2070 357 2113 in
380 2070 540 2130 spiritu,
577 2070 878 2129 longitudinem
899 2071 936 2113 in
957 2071 1200 2131 quantitate.
1271 2073 1376 2116 Nam

13 2120 16 2223 l
34 2167 212 2214 quaeque
232 2152 387 2213 syllaba
406 2158 477 2196 aut
495 2157 559 2196 est
577 2157 710 2209 acuta,
740 2158 811 2195 aut
831 2152 981 2211 gravis,
1009 2159 1080 2196 aut
1098 2152 1373 2198 circumflexa.

14 2226 243 2306 [Accentus
272 2239 418 2277 acutus
448 2239 525 2291 θεῖ,
563 2232 630 2292 qui
654 2232 888 2291 (celeriter)
916 2234 1125 2294 profertur
1149 2250 1250 2278 sono
1270 2250 1375 2279 con-

14 2311 21 2341 ¹¹
34 2321 175 2375 tento,
211 2321 259 2359 ut
285 2315 372 2358 haeo
400 2312 581 2373 syllaba:
619 2311 743 2359 lez-at
761 2314 923 2375 (quid).
993 2315 1200 2359 Accentus
1222 2316 1372 2375 gravis,

16 2396 103 2457 »iqui
131 2412 152 2440 a
178 2395 385 2440 submisso
406 2410 507 2438 sono
527 2395 725 2454 incipiens
747 2395 783 2438 in
806 2411 952 2439 sonum
973 2396 1102 2453 magis
1123 2396 1372 2441 submissum

16 2463 22 2496 ,ι

16 2598 19 2636 l
162 2638 170 2645 .
264 2641 269 2646 .
331 2639 337 2646 .
374 2639 381 2646 .
792 2639 798 2645 .

16 2637 242 2682 'submlSSO
262 2654 458 2699 lncipiens
480 2654 643 2682 sursum
664 2638 885 2695 adtollitur,
925 2646 969 2683 ut
996 2647 1187 2684 accentus
1208 2648 1367 2698 acutus,

35 2475 272 2533 descendit,
308 2484 354 2520 ut
392 2476 522 2536 prima
558 2475 712 2536 syllaba
749 2476 869 2536 liujus
906 2477 1102 2521 nominis:
1140 2475 1375 2539 ledreystz'

35 2557 333 2615 (vociferatio).
404 2559 614 2602 Accentus
650 2557 937 2601 circumflexus
974 2565 1071 2613 est,
1109 2559 1178 2618 qui
1213 2576 1234 2604 a
1270 2576 1370 2604 sono

33 2723 81 2762 ut
116 2718 194 2763 hoc
228 2735 403 2765 nomen:
442 2725 592 2766 ranst
618 2719 757 2778 (vox).
830 2722 1021 2782 Quaeque
1057 2721 1210 2782 syllaba
1247 2722 1367 2765 etiam
