1878 3309
571 255 632 286 DE
669 254 955 287 ALPHABETO.
1422 235 1450 280 7

103 376 180 422 dos
206 376 331 421 Arius
359 375 614 437 polyhistor,
651 374 822 420 ductum
850 376 1060 437 alphabeti
1086 376 1236 437 linguae
1264 377 1446 435 Danicae,

103 457 285 503 sedecim
305 457 432 502 literis
451 455 689 515 constantiS,
727 457 877 516 secuti,
915 458 967 502 ad
985 459 1221 519 exemplum
1240 458 1447 520 alphabeti

101 538 254 598 Latini,
274 554 296 583 a
314 537 512 597 magistro
530 536 738 582 Prisciano
756 538 988 598 compositi,
1010 538 1445 586 adcommodaverunt.

104 620 189 676 Qui
224 635 274 664 eo
309 619 449 680 plures
484 634 684 663 sonorum
728 619 974 664 variationes
1022 619 1194 679 singulis
1241 621 1447 667 vocalibus

103 699 386 761 subjecerunt,
424 715 507 761 quo
535 699 752 761 pauciores
780 700 868 745 haec
891 699 1031 760 lingua
1051 700 1110 760 (οε
1131 701 1277 760 latina)
1301 718 1447 747 vocum

101 861 351 904 disposuisse,
367 871 493 893 earum
505 863 726 903 potestatem
737 859 955 892 accuratius
967 860 1214 904 explicuisse,
1230 872 1447 895 numerum—

100 933 168 968 que
186 923 289 964 forte
306 922 549 966 pune-tatione
570 921 803 966 quorundum
823 921 994 954 auseis-se.
1041 922 1149 963 Quod
1162 923 1204 954 ab
1225 922 1307 956 illis
1322 922 1447 966 (μνω-

100 985 232 1019 sertim
257 996 278 1017 a
305 984 502 1018 Thoraddo
527 983 724 1016 Runarum
748 982 956 1025 mayistro)
990 982 1132 1024 sactum
1159 994 1263 1027 esse,
1297 985 1448 1018 minime

101 1048 247 1092 quidem
279 1056 420 1090 neyare
453 1046 592 1088 audeo,
632 1045 699 1077 sed
730 1049 820 1087 puto
855 1054 895 1076 eo
930 1054 1003 1076 non
1037 1046 1182 1088 respici
1214 1046 1283 1078 hoc
1315 1051 1447 1079 nostro

100 1111 195 1143 loco.
250 1109 333 1141 Mea
358 1107 545 1141 sententia
570 1117 688 1150 prope
715 1106 859 1139 accedit
883 1106 930 1138 ad
954 1108 1179 1141 sententiam
1204 1107 1293 1140 Joh.
1321 1108 1449 1140 Olavii

101 1169 428 1204 Grunnavicensis
461 1169 502 1201 in
536 1179 648 1212 opere
682 1168 810 1202 eddico
838 1177 951 1209 msa,
987 1168 1135 1202 citatam
1160 1170 1448 1203 dissertationis

102 1231 386 1274 Vl'erlauffiante
407 1242 445 1274 p.
471 1230 631 1273 59-60‚
658 1229 815 1263 ’'Arium
840 1229 1050 1272 scripsisse
1075 1232 1376 1264 commentarium
1405 1233 1449 1264 de

99 1295 250 1337 literis,
279 1298 459 1339 quatenus
483 1292 586 1334 illoe,
613 1292 655 1324 ab
683 1291 828 1324 exteris
855 1297 1037 1335 acceptae,
1064 1292 1236 1325 idiomati
1260 1293 1447 1326 islandico

96 1361 200 1390 recte
225 1360 353 1389 essent
378 1353 731 1387 accommodandae”.
778 1371 822 1375 —
873 1352 907 1396 2)
935 1353 1122 1396 fatalaoffi]
1147 1354 1306 1398 proprio
1332 1364 1447 1387 sensu

97 1417 251 1450 fatalaar
275 1416 470 1460 significat
495 1426 598 1458 eum,
626 1415 688 1457 qui
711 1425 832 1457 pauca
859 1415 1046 1459 loquitur,
1074 1420 1116 1449 ut
1140 1415 1359 1458 langta1a61·‚
1385 1417 1448 1459 qui

99 1480 209 1522 lonya
232 1478 403 1511 oratione
424 1477 558 1519 utitur,
585 1476 646 1521 qui
661 1477 725 1509 diu
740 1486 933 1509 sermones
947 1477 1055 1519 serit,
1081 1478 1233 1510 Forum.
1245 1477 1286 1510 S.
1300 1478 1330 1520 1,
1348 1478 1447 1518 288,

97 1541 186 1574 item
212 1540 378 1583 simplex
401 1538 536 1579 talabr,
563 1538 750 1580 disertus,
778 1549 858 1571 cum
885 1538 969 1572 adv.
990 1538 1092 1580 ekki,
1118 1539 1189 1580 vel,
1214 1540 1312 1582 heti-3
1339 1540 1445 1572 deri—

96 1608 212 1636 vatur
233 1613 254 1634 a
276 1602 393 1635 subst.
416 1600 507 1642 tala,
534 1598 670 1631 oratio.
718 1599 794 1632 Sed
819 1600 880 1632 liic
904 1609 1042 1633 sensus
1067 1601 1172 1633 nullo
1198 1602 1303 1634 modo
1324 1606 1448 1644 potest

97 1664 185 1697 huic
210 1665 290 1696 loco
317 1661 542 1703 convenire,
568 1661 632 1692 ubi
657 1660 701 1693 de
726 1671 898 1695 sermone
924 1671 1047 1694 sermo
1072 1667 1139 1694 est.
1187 1663 1287 1695 Hinc
1306 1662 1447 1704 factum

98 1730 166 1768 est,
194 1729 236 1758 ut
259 1724 329 1756 tala
354 1725 387 1756 Ιι.
405 1724 428 1756 l.
447 1720 717 1756 catachrestice
743 1722 787 1755 de
812 1732 905 1756 sono
932 1723 1153 1766 occeperim,
1181 1726 1305 1757 eodem
1331 1733 1447 1757 sensu

96 1797 142 1820 ao
166 1787 249 1819 rodd
265 1809 274 1827 ,
306 1784 415 1826 Ιιῌόὸ.
474 1783 567 1817 Nam
591 1783 661 1816 hoc
685 1783 761 1816 sibi
784 1785 882 1817 velle
905 1789 994 1827 puto
1021 1789 1211 1818 auctorem
1236 1786 1270 1818 Ιι.
1293 1787 1337 1829 l.,
1370 1796 1446 1818 non

97 1858 183 1882 esse
203 1848 244 1880 in
265 1847 396 1890 linqua
418 1846 536 1879 latina
560 1850 613 1878 tot
631 1845 819 1878 vocalium
847 1844 933 1887 (vel
952 1856 1103 1890 vocum,
1129 1857 1308 1880 sonorum
1329 1858 1445 1880 voca-

96 1909 211 1953 tium)
236 1908 492 1952 variationes,
527 1912 615 1952 quot
638 1907 678 1940 in
705 1907 836 1951 linyua
861 1908 1062 1941 islandica.
1120 1908 1238 1954 Atque
1262 1909 1341 1942 hoec
1366 1919 1446 1942 eum

97 1971 225 2005 dicere
257 1970 302 2004 de
332 1970 488 2012 linqua,
521 1967 631 2009 cujus
663 1978 757 2002 vera
790 1970 1054 2012 pronuntiatio
1080 1969 1165 2010 jam
1197 1971 1333 2004 dudum
1365 1976 1447 2004 erat

97 2033 371 2074 intermortua,
411 2031 617 2064 secundum
654 2031 717 2063 sui
754 2031 934 2074 temporis
965 2031 1338 2075 pronuntiationem,
1377 2043 1444 2076 qua

98 2094 228 2127 Iatinoe
247 2093 468 2136 diphthonyi
491 2103 552 2133 ae,
577 2103 617 2123 oe
638 2091 703 2133 (ut
721 2092 839 2125 Groec.
855 2106 909 2135 αι,
936 2094 989 2134 οι)
1012 2103 1092 2125 cum
1113 2093 1221 2126 sonis
1242 2093 1446 2126 islandicis

97 2165 140 2197 e,
174 2155 183 2186 i
220 2154 496 2198 conyruebant,
535 2164 576 2185 au
605 2157 641 2185 et
664 2163 703 2186 eu
730 2152 876 2195 (Groec.
901 2167 967 2197 αυ,
999 2155 1060 2198 ευ]
1095 2165 1167 2198 pro
1194 2155 1352 2198 syllabis
1384 2166 1445 2190 av,

97 2226 139 2248 ev
165 2216 395 2249 habebantur
420 2214 712 2256 (corivenienter
736 2215 1043 2258 pronuntiationi
1066 2216 1283 2249 Groecorum
1309 2227 1443 2250 recen-

99 2278 236 2311 tiorum
259 2288 289 2311 s.
303 2277 611 2320 Neoyroecorum,
638 2287 717 2321 quoe
739 2281 811 2309 toto
833 2278 953 2310 medio
974 2288 1052 2311 oevo
1076 2278 1116 2311 in
1137 2279 1268 2321 Italia,
1294 2279 1444 2322 Anqliu,

96 2336 270 2372 Islandia
302 2339 401 2382 apud
427 2339 554 2371 doctos
580 2338 740 2372 clericos
766 2344 950 2382 usurpata
984 2344 1021 2372 et
1044 2345 1194 2383 recepta
1218 2340 1330 2383 fuit).
1386 2340 1446 2373 An

99 2401 323 2433 Thoroddus
350 2405 386 2433 et
402 2400 520 2433 Arius
546 2400 614 2432 has
639 2400 874 2433 variationes
900 2411 1079 2434 sonorum
1103 2401 1205 2434 notis
1231 2401 1445 2433 diacriticis

100 2461 363 2505 distinxerint,
385 2461 570 2494 incertum
585 2466 664 2503 est5
689 2462 817 2505 potius
831 2463 1009 2505 putarim,
1026 2472 1090 2495 eas
1106 2468 1165 2495 tan
1173 2467 1247 2495 tum
1263 2463 1445 2505 est-emptis

96 2528 349 2566 monstrasse,
376 2528 417 2555 ut
430 2523 469 2555 in
484 2523 724 2568 sequentibus
740 2523 883 2557 Olavus
897 2524 1101 2557 Hvitaske'ild
1116 2523 1222 2565 fecit.
1272 2523 1444 2558 Ceterum

97 2585 301 2618 notandum
315 2590 382 2628 est,
398 2584 709 2628 vetustissimum,
725 2586 821 2627 quod
835 2586 979 2628 quidem
993 2586 1040 2618 ad
1053 2587 1121 2618 hoc
1137 2591 1279 2629 tempus
1292 2586 1443 2627 eaeistat,

99 2645 333 2689 exscriptum
346 2646 577 2679 Schedarum
597 2644 760 2686 (Libelli
772 2647 1037 2690 Islandorum]
1060 2648 1145 2680 Arii
1165 2658 1239 2680 non
1259 2648 1443 2690 scriptum

100 2716 184 2739 esse
206 2707 474 2750 orthographia*
490 2707 889 2750 Tlioroddio-Ariana,
916 2709 982 2741 sed
999 2709 1176 2752 praa-ime
1199 2710 1374 2742 accedere
1398 2711 1444 2740 ad

100 2768 405 2810 orthoyraphiam
427 2769 529 2812 ejus,
557 2769 619 2812 qui
641 2774 838 2803 tractatum
858 2771 1189 2814 orthoqraplaicum
1206 2772 1366 2813 primum
1389 2771 1445 2811 (1)

102 2828 342 2872 conscripsit.
