1878 3309
67 241 98 284 1.
143 238 182 284 1.
587 257 646 289 nr,
692 257 977 289 ‚annumero
1366 237 1419 282 ll

728 380 761 423 Ι.

175 491 216 538 1.
293 490 420 552 Apud
463 490 659 551 plurimas
705 496 854 550 gentes
899 490 1026 536 literis
1061 490 1250 536 mandari
1285 489 1424 536 solent

71 580 145 619 aut
178 588 245 618 res
281 572 388 617 scitu
424 571 587 631 dignae,
634 586 729 631 quae
773 570 878 615 intra
924 571 1098 631 patriam
1131 578 1262 632 gestae
1300 578 1424 630 sunt,

73 661 146 699 aut
181 669 248 699 res
283 668 377 714 quae
412 652 592 697 maxime
626 650 921 696 memorabiles
965 651 1284 712 existimantur,
1329 651 1425 697 licet

73 742 191 781 extra
216 732 391 795 patriam
421 740 550 793 gestae
577 732 732 778 suerint
753 748 765 791 3
801 732 901 777 item
928 732 1068 793 leges,
1106 749 1209 794 quas
1238 732 1424 778 nationes

73 832 148 861 sua
190 830 370 877 quaeque
415 815 553 875 lingua
598 814 728 859 literis
772 812 985 858 mandant.
1071 814 1282 869 Quoniam
1325 830 1425 859 vero

73 898 246 957 linguae,
284 896 470 958 quamvis
496 912 547 940 ex
575 910 658 940 una
685 893 919 956 eademque
945 895 1085 956 lingua
1115 894 1427 941 declinaverunt

75 1052 116 1081 ut
139 1047 394 1090 yerzealoqioe‚
432 1051 471 1079 ut
505 1057 628 1080 sacrae
658 1046 1014 1090 interpretationes,
1052 1050 1092 1079 ut
1124 1047 1281 1091 denique
1315 1057 1428 1090 opera

73 1109 162 1144 Arii
195 1108 355 1150 facilius
388 1108 509 1141 scribi
544 1109 689 1153 leqique
710 1112 877 1152 possent.
940 1108 995 1141 De
1029 1111 1191 1140 auctore:
1232 1108 1428 1141 Islandum

74 1170 214 1213 fuisse,
239 1170 354 1204 verba
376 1170 518 1211 docent,
545 1168 593 1216 pa:
613 1171 697 1202 hefir
714 1171 756 1202 ck
779 1171 824 1201 ok
843 1168 931 1202 ritab
951 1181 1010 1202 oss
1024 1152 1260 1211 I'slendingum
1282 1170 1427 1211 staff-of,

77 1233 300 1277 eundemque
322 1231 422 1264 haud
442 1231 683 1264 mediocriter
702 1232 904 1274 literatum,
931 1231 1012 1275 ipse
1025 1236 1210 1264 tractatus
1225 1236 1428 1264 monstrat.-

75 1304 163 1326 nam
195 1303 270 1326 non
303 1294 426 1326 solum
458 1292 494 1325 ei
523 1297 651 1325 notum
674 1293 750 1335 fuit
775 1294 1007 1337 alphabetum
1033 1293 1191 1326 latinum
1219 1291 1271 1336 (S
1295 1295 1325 1326 1.
1353 1294 1427 1336 8),

75 1365 241 1400 yroecum
265 1353 316 1399 (5⁶
329 1355 360 1387 1.
376 1354 413 1386 4.
428 1353 488 1398 7),
515 1354 730 1387 hebraicum
752 1353 803 1395 (S
815 1355 846 1387 1.
862 1352 922 1398 7),
950 1354 1288 1396 anylosaoeonicum
1306 1353 1357 1398 (S
1370 1354 1428 1398 1),

77 1416 260 1450 scoticum
282 1414 334 1459 (5⁴
348 1413 409 1460 7),
436 1416 504 1448 sed
525 1420 558 1448 et
579 1415 705 1457 adfert
727 1415 778 1458 (S
793 1414 843 1458 5)
867 1425 980 1448 unum
1002 1415 1188 1449 distichon
1211 1425 1259 1448 esc
1274 1414 1430 1448 Catonis

78 1477 258 1520 Dionysii
281 1476 457 1510 distichis
481 1478 524 1510 de
543 1477 729 1520 moribus,
757 1477 851 1521 qnod
875 1481 975 1510 recte
1002 1482 1034 1510 et
1059 1478 1251 1510 subtiliter
1275 1478 1315 1510 in
1341 1487 1429 1510 ser-

78 1549 224 1572 monem
256 1538 486 1571 islandicam
518 1538 726 1571 transtulit.
790 1538 941 1581 Aliquot
974 1539 1070 1572 locis
1104 1539 1336 1583 alphabetum
1369 1539 1430 1573 is·-

80 1600 578 1634 landicumvetustissimum
591 1599 1052 1643 (Thoroddo-Arianum)
1065 1601 1257 1645 respicere
1267 1601 1430 1643 videtur,

79 1671 208 1706 nempe
225 1661 254 1703 S
266 1662 312 1704 2,
339 1661 402 1694 ubi
418 1661 638 1694 mentionem
651 1660 779 1701 injicit
792 1661 981 1694 sermonis
995 1662 1144 1704 Danici,
1171 1662 1298 1694 literis
1314 1672 1431 1705 requ—

80 1724 229 1756 laribus
258 1721 531 1766 (vutyaribus)
560 1722 757 1765 expressi,
785 1727 820 1755 et
837 1722 866 1764 §⁶
887 1725 919 1765 7,
947 1723 1069 1755 literoe
1091 1722 1135 1770 1),
1161 1723 1370 1756 novissime
1391 1723 1431 1755 in

80 1785 313 1829 alphabetum
338 1789 518 1828 receptae,
552 1794 621 1817 nec
645 1793 720 1816 non
749 1784 962 1817 Titulorum
990 1782 1212 1827 (notarum,
1239 1784 1433 1817 scribendi

82 1844 432 1889 compendiorum),
459 1850 500 1877 ut
522 1845 584 1890 qui
606 1850 714 1878 antea
737 1846 776 1877 in
799 1846 993 1888 alphabeto
1014 1846 1174 1887 fuerint.
1223 1846 1366 1889 Stilus,
1393 1852 1434 1878 ut

81 1909 123 1941 in
150 1907 218 1940 tali
241 1906 421 1949 materia,
450 1906 658 1949 classicus,
685 1917 892 1951 quanquam
918 1908 1067 1940 adhibet
1090 1913 1223 1941 auctor
1247 1918 1360 1940 voces
1385 1918 1434 1941 ea:

80 1969 193 2002 medii
219 1969 291 2001 oeci
317 1967 507 2001 latinitate
530 1968 691 2010 petitas,
719 1973 761 2000 ut
784 1979 862 2000 vers
891 1967 960 2011 (Ξ
983 1970 1185 2012 sententia,
1210 1969 1433 2012 periodus),

82 2030 288 2074 capitulum,
314 2029 423 2071 tituil,
450 2029 708 2073 interdumque
735 2030 901 2073 lonqiori
927 2031 1127 2063 verborum
1153 2036 1275 2064 tractu
1300 2031 1434 2073 utitur,

81 2092 298 2136 praesertim
321 2091 362 2124 in
386 2090 557 2134 protasi,
583 2101 618 2123 υ.
633 2101 663 2124 c.
678 2092 733 2124 ed.
748 2091 863 2125 Rask.
876 2103 913 2135 p.
927 2092 1024 2125 283.
1041 2092 1107 2125 lin.
1123 2093 1245 2125 12-19
1257 2105 1268 2125 .·
1291 2104 1326 2136 p.
1341 2093 1435 2125 275.

83 2156 107 2187 l.
128 2154 208 2187 29:
231 2165 268 2197 p.
290 2153 382 2186 276.
405 2154 428 2185 t.
449 2155 502 2185 5.·
525 2164 561 2195 p.
581 2152 680 2186 288.
703 2154 727 2185 t.
750 2153 875 2187 9-16:
899 2165 935 2197 p.
956 2154 1045 2186 281.
1068 2154 1090 2186 l.
1114 2154 1263 2187 15-21:
1287 2165 1324 2197 p.
1338 2154 1435 2187 282.

83 2217 108 2248 l.
129 2215 234 2248 4-8:
265 2227 301 2259 p.
323 2214 414 2248 276.
436 2216 460 2247 l.
483 2214 630 2247 15-20.
689 2214 765 2247 Pro
790 2215 927 2257 formis
953 2215 1271 2260 exquisitioribus
1304 2216 1435 2249 haberi

80 2282 207 2322 potest
226 2286 432 2320 pronomen
452 2276 483 2308 1.
497 2285 600 2319 pers.
622 2280 657 2308 et
677 2281 799 2319 neqat.
812 2277 950 2319 partic.
971 2288 992 2309 a
1012 2277 1141 2310 verbis
1163 2277 1329 2321 suffixa,
1354 2288 1390 2311 v.
1405 2288 1436 2311 c.

81 2339 170 2381 ritk,
196 2339 330 2381 sekka,
356 2338 488 2369 kanka.
537 2337 581 2368 In
607 2343 826 2380 aryumento
851 2339 1045 2371 tractando
1070 2344 1202 2371 auctor
1224 2339 1438 2372 liberaliter

82 2404 274 2440 versatur,
300 2409 416 2433 sonos
438 2404 544 2431 acute
569 2398 784 2442 distinquit,
813 2401 982 2442 exempla
1004 2410 1121 2443 neque
1144 2406 1304 2444 anquste
1321 2410 1438 2445 neque

83 2461 199 2494 anoeie
213 2461 360 2505 quoerit,
388 2460 577 2493 interdum
592 2460 774 2493 audacius
792 2471 839 2493 esc
851 2461 995 2503 fabulis
1011 2462 1173 2495 ethnicis
1186 2467 1332 2505 petens,
1359 2473 1393 2495 v.
1407 2472 1436 2493 c.

83 2532 133 2555 ex
155 2522 284 2564 fabula
306 2523 350 2555 de
370 2522 524 2566 qiqante
547 2522 760 2565 Haloyiana
783 2527 817 2555 et
839 2523 963 2556 There
986 2524 1137 2557 lebetem
1156 2529 1345 2567 portante.
1393 2523 1439 2555 Si

85 2584 168 2629 quis
189 2584 381 2624 conjicere
401 2584 513 2627 velit,
540 2588 732 2616 auctorem
751 2583 879 2625 fuisse
895 2584 1284 2625 GunnaremBjarnis
1305 2584 1437 2626 silium,

84 2644 223 2678 dictum
237 2646 493 2687 Riinagunnar,
519 2644 582 2688 qui
597 2654 671 2678 sec.
688 2645 785 2678 Ann.
799 2646 890 2689 Req.
906 2646 998 2679 obiit
1011 2646 1109 2680 1193
1126 2645 1235 2690 (Ser.
1250 2656 1326 2678 rer.
1341 2646 1437 2678 Dan.

83 2705 123 2749 3,
149 2704 243 2750 70),
270 2711 476 2749 temporum
489 2707 590 2739 ratio
603 2717 676 2739 non
693 2706 826 2740 obstat.
877 2707 1049 2741 Ceterum
1072 2707 1345 2741 observandum
1367 2712 1434 2749 est,

84 2768 394 2811 orthoqraphiam
418 2768 589 2802 auctoris
615 2768 658 2800 ab
684 2768 866 2812 librario,
894 2768 956 2814 qui
977 2767 1064 2802 C'od.
1084 2768 1220 2802 Worm.
1246 2767 1434 2809 exaravit,

84 2838 159 2862 non
184 2829 402 2872 observari,
429 2829 508 2864 nisi
533 2830 573 2864 in
599 2830 702 2874 ipsis
729 2830 932 2874 exemptis,
960 2840 1075 2875 neque
1103 2835 1221 2864 tamen
1249 2834 1435 2863 accurate.
