1882 3319
375 236 419 264 Vl

371 354 559 410 primum
602 351 850 407 scripsisse,
902 349 974 392 secl
1016 350 1239 407 scriptioni
1280 350 1389 392 alius
1434 349 1616 392 auctoris
1662 348 1713 390 de

377 424 520 474 sonis,
564 421 721 472 literis,
765 419 940 476 syllabis
971 428 1006 463 et
1027 420 1227 477 partibus
1257 419 1462 462 orationis
1492 426 1710 461 tractatum

378 506 499 535 suum
553 490 888 547 superstruoeisse
910 523 920 541 ‚
988 490 1122 532 variis
1173 490 1272 533 locis
1323 503 1401 532 sua
1449 487 1714 530 intersevisse

378 560 502 618 (vide
529 574 567 602 v.
600 574 631 601 e.
655 573 702 616 p.
734 559 950 611 72-74,
995 559 1209 612 76-81,
1252 558 1464 611 92-94,
1507 555 1711 608 94-96,

381 629 681 686 110—189)
711 638 746 672 et
772 629 903 672 multa
932 629 983 671 de
1007 629 1160 687 fiquris
1189 629 1422 681 orationis,
1466 642 1518 670 ecc
1547 627 1715 670 Donato

380 709 417 744 et
444 700 542 743 aliis
573 699 779 751 desumm,
811 698 1052 750 addidisse,
1084 714 1128 741 eo
1155 699 1296 751 modo,
1335 707 1381 741 ut
1405 712 1485 756 pro
1515 695 1714 753 exemplis

381 770 578 821 Latinis,
623 784 714 827 quoe
751 770 945 812 Donatus
984 768 1182 820 dederat,
1235 769 1323 812 alia
1365 782 1417 811 ex
1456 766 1716 810 carminibus

380 838 777 897 septentrionalibus
820 838 1112 888 substitueret,
1157 853 1248 897 quoe
1290 839 1435 896 aliquo
1469 836 1591 879 modo
1629 835 1716 878 illis

381 909 634 967 respondere
684 907 944 951 viderentur.
1029 908 1085 951 Et
1132 909 1279 951 merito
1328 921 1440 950 nunc
1481 906 1717 957 miramur,

384 987 584 1037 quantam
626 978 787 1035 copiam
831 979 1064 1021 carminum
1107 978 1268 1021 diversi
1306 977 1501 1035 yeneris,
1556 975 1717 1026 oetatis,

383 1057 620 1100 auctorum,
645 1047 883 1104 possederit
910 1049 974 1091 vel
999 1050 1199 1091 memoria
1228 1048 1425 1100 tenuerit,
1459 1060 1584 1105 quum
1606 1045 1721 1087 ultra

385 1119 495 1162 120
530 1117 718 1174 eoeempla
754 1126 837 1160 tam
874 1118 1085 1175 eoequisita
1122 1118 1276 1179 afferre
1305 1117 1504 1175 potuerit.
1578 1115 1631 1159 Si
1669 1128 1722 1156 ex

385 1188 518 1232 altera
538 1196 665 1245 parte
695 1200 784 1229 cum
808 1188 1044 1244 fraqmento
1070 1187 1223 1230 codicis
1248 1185 1556 1230 membranacei
1578 1186 1720 1228 Arna-

383 1270 632 1314 maqnoeano
661 1256 741 1299 Nr.
774 1257 898 1301 748.
929 1258 976 1300 4.
1008 1266 1163 1300 textum
1190 1266 1382 1300 nostrum
1411 1269 1719 1314 comparamus,

385 1327 528 1370 abesse
549 1327 715 1369 videtur
733 1326 901 1369 initium
916 1328 1159 1384 scriptionis
1181 1326 1301 1384 Olafi,
1333 1327 1421 1369 nisi
1439 1326 1582 1384 prima
1597 1323 1720 1382 hujus

382 1397 613 1454 fraqmenti
626 1397 698 1453 (p.
715 1396 868 1452 397),
901 1410 991 1453 quoe
1016 1397 1114 1439 aliis
1138 1397 1237 1439 locis
1260 1410 1345 1439 non
1366 1403 1612 1446 occurrunt,
1637 1407 1722 1451 pro

382 1467 464 1525 fine
486 1467 729 1523 scriptionis
754 1465 972 1523 cujusdam
994 1467 1104 1509 alius
1129 1467 1311 1509 auctoris
1332 1465 1381 1508 de
1398 1466 1527 1523 tropis
1542 1464 1724 1521 poeticis

384 1538 470 1579 sint
508 1535 781 1593 accipienda,
827 1535 937 1593 quod
970 1550 1023 1578 eac
1049 1536 1269 1579 scribendi
1292 1536 1440 1588 modo,
1489 1550 1568 1593 quo
1599 1534 1723 1592 liujus

386 1607 617 1663 fraymenti
644 1605 851 1648 librarius
881 1620 982 1649 usus
1013 1615 1095 1658 est,
1127 1620 1211 1648 non
1239 1606 1406 1649 videtur
1433 1605 1682 1648 verosimile.

494 1709 562 1750 IV.
624 1707 662 1750 T
658 1715 841 1750 ractatus
865 1707 1019 1749 incerti
1040 1706 1247 1758 auctoris,
1280 1705 1330 1747 de
1349 1706 1503 1763 fiyuris
1519 1703 1726 1753 orationis

386 1777 792 1831 (Malskruos-fraeoi‚
823 1790 871 1833 p.
897 1775 1211 1830 190—249).
1268 1774 1354 1817 Hic
1383 1784 1613 1827 tractatus,
1652 1775 1726 1832 qui

385 1847 565 1902 fortasse
593 1846 646 1889 ab
678 1848 769 1903 ipso
797 1847 982 1889 librario
1013 1844 1166 1887 codicis
1205 1845 1443 1888 Wormiani
1469 1870 1523 1876 —-
1550 1859 1649 1888 nam
1665 1845 1726 1894 ,in

387 1915 462 1959 ltoc
499 1917 585 1959 solo
625 1916 763 1959 codice
808 1916 1120 1958 membranaceo
1166 1915 1379 1958 invenitur
1420 1941 1475 1948 --
1516 1916 1726 1973 profectus

387 1994 472 2038 est,
521 2000 574 2028 ex
614 1994 744 2028 mente
788 1985 971 2028 auctoris
1012 1984 1305 2028 verosimiliter
1347 1994 1570 2029 tractatum
1616 1985 1728 2042 Olafi

389 2055 629 2098 livitaslcald
671 2055 915 2098 continuare
961 2064 996 2097 et
1038 2055 1095 2097 ad
1133 2055 1256 2112 finem
1291 2055 1525 2111 perducere
1568 2054 1724 2098 debuit.

388 2124 454 2168 Ab
481 2126 654 2167 exoticis
676 2125 863 2177 fontibus
891 2125 1099 2181 oriyinem
1119 2124 1234 2166 liaud
1257 2124 1383 2167 dubie
1410 2124 1552 2177 trahit,
1584 2138 1728 2182 quam-

387 2196 451 2238 vis
483 2208 548 2237 eos
586 2194 774 2236 nondum
810 2194 1019 2250 indayare
1049 2196 1281 2250 contigerit.
1347 2195 1549 2238 Carmina
1577 2209 1724 2247 sacra,

391 2277 445 2307 ex
480 2263 630 2321 quibus
668 2263 857 2320 eoeempla
894 2264 1048 2320 scepius
1087 2263 1316 2320 depromit,
1362 2274 1569 2308 auctorem
1611 2278 1727 2307 mon-

390 2342 528 2376 strant
563 2333 706 2375 clerici
741 2334 935 2386 ordinis,
979 2333 1151 2376 nomina
1177 2348 1274 2376 vero
1302 2336 1489 2392 propria
1518 2343 1552 2376 et
1581 2348 1724 2386 casus,

393 2417 485 2460 quoe
516 2402 707 2445 carmina
733 2403 911 2459 eoeempli
930 2404 1075 2460 ‚qratia
1097 2412 1429 2456 commemorant,
1461 2413 1617 2461 tempus
1648 2417 1728 2461 quo

392 2473 572 2529 scriptus
602 2472 657 2514 sit
685 2471 752 2513 liic
781 2481 980 2516 tractatus
1011 2487 1095 2516 non
1115 2482 1209 2515 ante
1231 2473 1458 2515 secundum
1484 2473 1729 2516 decennium

394 2541 523 2585 seculi
546 2556 653 2584 XIV.
679 2542 808 2584 statui
823 2556 961 2599 posse.
1021 2542 1074 2586 Si
1101 2542 1281 2585 librario
1312 2544 1465 2586 codicis
1491 2543 1729 2586 Wormiani

395 2611 645 2656 tribuendus
684 2620 816 2662 esset,
869 2613 982 2654 circa
1016 2612 1197 2654 medium
1235 2613 1365 2655 seculi
1398 2627 1506 2657 XIV.
1545 2613 1726 2670 scriptus

396 2694 481 2724 esse
509 2680 691 2732 deberet,
729 2681 769 2723 si
796 2680 899 2733 alii,
934 2682 1063 2738 poulo
1092 2683 1308 2739 antiquior
1338 2696 1422 2725 esse
1444 2691 1616 2740 posset„
