1832 3294
50 213 123 257 IV.
159 211 204 256 6-
515 229 702 261 Flauum:
733 230 998 263 onA'rioxis.
1309 213 1405 261 205

149 349 195 395 6.
266 350 545 394 Aposrnopnn
566 348 894 416 (ἀποστροφή)
922 358 986 396 est
1012 352 1169 412 figura,
1207 368 1288 413 qua
1313 354 1407 415 quis

52 430 294 489 absentem,
332 431 446 475 velut
483 436 760 491 praesentem,
798 431 1059 491 adloquitur7
1097 449 1217 478 suum
1253 450 1406 479 nomen

50 512 91 555 in
121 511 252 571 prima
282 527 487 571 persona,
525 510 596 554 ubi
617 517 798 570 oportet,
838 512 971 567 illius⁷
1008 529 1132 573 quem
1154 514 1407 576 adloquitur⁷

49 593 90 636 in
128 592 309 636 secunda
338 606 513 651 ponens.
585 592 838 650 Quanquam
876 592 997 636 aliter
1030 594 1181 639 factum
1209 595 1408 653 invenias,

50 672 403 733 quemadmodum
442 670 638 715 Snorrius
675 670 855 714 cecinit:

313 754 535 797 Saturator
570 751 678 810 lupi,
716 752 874 811 Eyolvo
911 752 1085 797 Albensi

316 831 489 876 domum
525 831 666 891 perfer
701 831 910 889 salutem,

312 928 437 973 quam
476 910 646 956 auribus
684 911 828 955 audire

313 1009 410 1038 eum
446 992 602 1052 optime
639 991 800 1036 deceat.

310 1073 456 1118 Laudo
494 1073 603 1117 enim
639 1073 750 1116 hunc
785 1073 1001 1118 liberalem
1036 1075 1193 1134 virum,

313 1153 627 1212 ingeniosorum
662 1157 882 1213 poetarum
920 1154 1148 1216 principem
1168 1172 1180 1214 3

313 1234 420 1279 vivat
454 1234 520 1278 ille
556 1234 771 1278 hominum
808 1249 919 1279 vere·
942 1235 1113 1280 divitum

314 1313 392 1358 sub
430 1315 519 1358 sole
555 1314 924 1360 fortunatissimus.

47 1396 128 1440 Hio
162 1394 346 1455 Eyolvus
375 1395 450 1439 fuit
477 1395 621 1440 Brunii
651 1395 786 1453 filius7
824 1399 949 1455 poeta
977 1396 1017 1440 in
1046 1396 1188 1456 primis
1216 1398 1406 1458 eximius,

51 1476 110 1520 vir
129 1475 325 1533 liberalis,
364 1475 438 1520 sed
457 1491 539 1520 non
561 1476 675 1520 dives
697 1476 921 1535 pecuniaea.
990 1476 1152 1521 Eadem
1173 1477 1305 1537 figura
1326 1485 1407 1538 est,

48 1556 81 1601 si
110 1556 202 1617 quis
230 1562 395 1600 sanctos
424 1556 613 1600 homines
644 1556 905 1617 adloquitur,
943 1563 990 1600 ut
1018 1558 1173 1602 Olavus
1202 1559 1373 1604 cecinit:

314 1636 408 1681 Tibi
444 1636 539 1680 ideo
574 1652 754 1681 unacum
789 1637 935 1696 gloria·
957 1644 1183 1697 augeatur7

311 1723 358 1760 tu
394 1732 558 1761 summo
595 1717 675 1761 deo
711 1717 900 1777 proxima
937 1732 998 1762 es.

47 1799 104 1842 Et
138 1797 217 1842 alio
252 1797 376 1841 loco:

312 1877 466 1922 Hilaris
504 1878 685 1922 Thomas
723 1877 962 1922 hominibus
999 1876 1069 1922 dat

314 1957 410 2002 fidei
447 1958 752 2003 incrementum
788 1974 864 2019 pro
901 1959 1012 2019 turpi
1047 1973 1181 2003 more.

48 2039 152 2082 Haec
171 2038 306 2097 figura
326 2039 553 2098 saepissime
574 2046 802 2099 usurpatur
820 2040 860 2083 in
879 2039 1080 2100 epistolis,
1101 2055 1203 2100 quas
1218 2039 1407 2084 homines

49 2118 158 2163 inter
178 2134 222 2163 se
242 2118 426 2178 mittunt,
464 2125 536 2163 aut
554 2119 594 2163 in
615 2119 798 2180 prologis
818 2119 1046 2178 librorum,
1084 2119 1155 2180 qui
1173 2121 1262 2165 aliis
1282 2120 1408 2165 dedi-

51 2205 218 2258 cantur,
256 2198 502 2244 emendandi
531 2206 603 2244 aut
630 2200 949 2246 commendandi
978 2215 1118 2245 causa.

141 2395 180 2438 a)
208 2398 258 2428 De
288 2397 352 2429 hoc
376 2397 509 2440 Eyolvo
534 2396 651 2429 Brunii
675 2397 700 2429 f.
723 2396 808 2428 nihil
832 2396 914 2429 mihi
938 2399 1084 2429 constat.
1133 2396 1259 2429 Eodem
1275 2396 1410 2439 Eyolvo

50 2459 190 2488 auctore
205 2457 302 2489 Edda
318 2457 495 2490 Lovasina
518 2468 617 2489 unam
642 2457 906 2500 semistropham
933 2458 1057 2499 adfert,
1084 2467 1155 2500 quae
1178 2456 1229 2489 sic
1249 2468 1286 2489 se
1308 2458 1411 2489 habet

51 2517 152 2548 verbo
179 2521 299 2559 tenus,
327 2529 395 2550 sec.
424 2518 658 2559 ascriptum,
694 2519 778 2561 quod
808 2519 936 2550 haheo:
987 2514 1171 2551 ''Kalludr
1197 2528 1238 2550 er
1261 2518 1408 2558 l'u'trinn

52 2577 152 2619 siyla
179 2588 221 2610 oc
246 2581 291 2611 ra'
318 2579 363 2611 ok
389 2580 505 2611 kannt
527 2579 634 2620 fo'car
659 2579 777 2618 heiti,
806 2581 893 2621 loer,
922 2580 1017 2620 lene,
1045 2579 1162 2620 lca'ls'a.
1213 2578 1289 2611 Svo
1317 2573 1414 2622 quad*

50 2637 190 2680 Eyo'lfr
213 2639 442 2673 Bru'nason:
504 2640 654 2682 Kaupir
688 2641 733 2673 a'r
757 2650 803 2673 ne
831 2640 912 2683 eyri
935 2639 939 2682 1
970 2640 1143 2681 allrz'l'um
1168 2640 1254 2674 skal
1279 2639 1373 2680 lela'fa
1405 2640 1407 2678 ἶ

52 2693 237 2732 ονὸναοΙεν
260 2700 339 2743 ylia
365 2700 546 2734 sneckiur
567 2698 572 2743 Ι
594 2701 721 2734 austri
745 2701 853 2734 ra'sir
877 2700 1074 2742 flazaeslrffl.
