1882 3319
409 216 436 242 Χ

406 337 585 371 mentum
616 329 783 384 plenius
822 336 911 373 erat
947 340 1070 384 quam
1099 341 1210 370 nune
1239 335 1386 371 exstat.
1446 326 1547 371 Haec
1575 328 1738 382 frusta,

409 412 500 456 quoe
529 412 612 440 non
643 397 793 453 eoeiyui
819 397 1015 440 momenti
1041 397 1161 440 nobis
1190 406 1310 449 sunt,
1351 397 1543 454 colliqere
1572 407 1606 440 et
1636 412 1741 440 com-

405 481 560 525 ponere
589 480 699 508 curce
727 467 832 520 fuit,
864 476 900 510 et
928 467 994 509 hic
1018 481 1062 524 p.
1091 467 1362 511 628-634
1390 482 1561 510 annexa
1588 476 1699 510 sunt.

516 560 601 602 V11.
687 559 845 616 Aqrnen
902 559 1058 602 claudit
1114 559 1250 603 brevis
1310 559 1481 617 quidam
1542 567 1742 602 tractatus

407 628 672 687 mytltoloyici
693 631 950 685 armamenti,
984 644 1035 671 ex
1063 630 1165 684 solio
1193 630 1526 681 membranaceo,
1559 629 1670 686 quod
1698 630 1742 670 in

408 700 488 743 Nr.
508 699 622 743 162.
641 698 681 742 b.
707 699 795 741 Fol.
820 701 866 740 in
889 701 1062 742 scriniis
1078 700 1462 756 Arnamaqnoeanis
1487 707 1742 748 asservatur,
1812 688 1815 691 ¹

410 771 646 819 desumus,
685 783 731 826 p.
765 769 1039 813 635—636.
1111 769 1180 812 Act
1224 770 1497 812 collectionem
1536 768 1747 810 Eddicam

408 854 493 882 non
524 839 702 897 proprie
740 839 905 896 quidem
934 840 1119 896 pertinet
1153 839 1219 882 hic
1247 848 1470 890 tractatus,
1514 837 1588 880 secl
1616 851 1746 894 arqu-

408 919 588 952 mentum
624 918 735 952 arcte
770 918 989 965 coynatuni
1024 909 1244 952 consilium
1280 909 1420 960 dedit,
1471 916 1516 951 ut
1551 907 1626 950 hoc
1661 907 1747 950 loco

404 979 620 1038 publicam
656 978 784 1021 lucem
820 979 992 1022 videret.

532 1049 829 1105 Fraqmentum
901 1048 1262 1090 membranaceum
1329 1048 1748 1103 Arnamaynaeanum

411 1120 490 1164 Nr.
525 1119 641 1163 756.
672 1118 747 1170 4.,
805 1117 941 1161 seculo
986 1131 1068 1160 XV.
1104 1117 1331 1173 seriptum,
1390 1117 1601 1174 integrum
1645 1115 1750 1159 dare

410 1204 495 1232 non
515 1203 617 1246 opus
635 1202 720 1231 esse
735 1187 970 1239 videbatur,
1005 1201 1129 1244 quum.
1142 1200 1218 1243 per
1233 1187 1373 1229 omnia
1391 1200 1481 1228 cum
1507 1186 1750 1229 Wormiano

411 1269 554 1303 nostro
582 1258 733 1314 saciat,
773 1266 809 1301 et
836 1257 947 1300 nillil
974 1270 1104 1314 neque
1133 1256 1178 1298 in
1209 1255 1502 1312 dispositione,
1543 1269 1675 1313 neque
1702 1257 1749 1298 in

409 1329 587 1373 materia
616 1327 839 1386 tractanda
866 1327 1051 1370 notabile
1080 1325 1242 1368 habeat.

519 1398 662 1455 Neque
696 1396 817 1439 nobis
839 1430 850 1449 ,
887 1395 1138 1454 proefationi
1180 1394 1277 1438 huic
1309 1395 1434 1452 finem
1467 1396 1746 1450 facientibus,

405 1469 576 1527 pietatis
614 1467 797 1524 officium
831 1465 1129 1522 neqliqendum
1166 1472 1239 1508 est.
1297 1465 1396 1508 Duo
1426 1479 1528 1509 cara
1554 1466 1750 1518 nomina,

415 1552 506 1598 quoe
536 1539 581 1580 in
609 1537 749 1595 primo
778 1535 902 1593 liujus
932 1536 1071 1592 operis
1099 1535 1307 1578 volumine
1336 1534 1494 1578 edendo
1515 1535 1750 1593 participes

416 1616 561 1660 erant,
605 1620 718 1649 nunc
753 1619 838 1648 non
877 1605 1059 1657 adsunt,
1103 1606 1374 1648 LAmmmes
1404 1607 1679 1648 ENGELSTOFT
1717 1612 1754 1647 et

416 1677 956 1720 KoLnEnup-Rosmmass.
1012 1674 1130 1717 Mors
1159 1674 1280 1716 nobis
1311 1674 1466 1717 invidit
1491 1674 1605 1718 viros
1635 1688 1752 1732 89η-

414 1749 534 1805 yios,
573 1746 726 1804 patrioe
763 1753 798 1788 et
833 1744 1123 1787 universitatis
1152 1751 1308 1786 nostroe
1333 1757 1412 1801 per
1438 1743 1586 1787 multos
1615 1758 1752 1788 annos

415 1824 684 1868 ornamenta,
717 1814 935 1858 literarum
965 1813 1352 1870 septentrionalium
1377 1814 1564 1868 fautores
1595 1821 1632 1858 et
1658 1814 1753 1871 feli-

417 1886 601 1930 cissimos
633 1885 829 1937 cultores,
861 1883 1026 1940 collegii
1051 1883 1190 1926 nostri
1210 1896 1291 1940 per
1318 1883 1474 1940 viqinti
1500 1883 1590 1939 fere
1618 1897 1752 1927 annos

414 1955 678 2014 fidelissimos
724 1963 760 1998 et
802 1952 1060 1998 doctissimos
1104 1951 1453 2006 collaboratores,
1502 1967 1603 2011 quos
1646 1962 1752 1998 totus

418 2025 534 2069 orbis
572 2025 789 2068 literarius
826 2038 913 2067 non
939 2024 1080 2066 minus
1111 2035 1235 2080 quam
1261 2021 1396 2065 Musae
1424 2024 1582 2080 patrioe
1612 2023 1756 2082 luyent

417 2104 453 2139 et
481 2094 738 2138 desiderant.

532 2179 651 2232 Vale,
696 2178 748 2222 L.
777 2179 856 2232 B.‚
902 2186 938 2222 et
965 2176 1119 2221 studiis
1149 2177 1304 2220 nostris
1332 2177 1474 2231 favere
1495 2191 1641 2235 perye.

523 2288 743 2332 Dabamus
772 2287 950 2343 Hafnioe
980 2286 1046 2329 die
1076 2299 1225 2328 XXXI.
1257 2286 1441 2342 Augusti
1469 2286 1626 2331 1852.

421 2399 625 2449 Orsted.
737 2397 1009 2462 I‘Verlauff.
1109 2395 1273 2460 Rafn.
1384 2396 1449 2444 K.
1488 2396 1748 2446 Gislason.

876 2485 926 2533 J.
964 2486 1029 2533 E.
1065 2486 1292 2535 Larsen.

1262 2767 1300 2813 J
1304 2770 1368 2815 o'n
1405 2763 1736 2828 Styurffsson.
