1832 3294
110 238 186 283 111·
227 234 301 282 16-
568 253 761 286 Fleuum:
788 252 1050 285 onA'rioxrs.
1378 230 1465 278 171

110 375 179 421 Ab
216 382 366 421 evento
402 375 450 420 fit
484 374 743 435 Ερίῖῇθῖοη7
781 381 829 418 ut
862 374 959 420 hic:

509 458 557 501 In
591 454 710 499 bellis
747 455 899 499 infesto

506 535 619 595 regis
656 535 847 596 imperio.

112 620 159 663 ln
195 618 258 663 his
295 617 489 663 omnibus
526 616 727 676 exemplis
765 622 830 660 θεῖ
856 616 1082 676 impropria
1111 616 1335 662 similitudo
1365 617 1474 662 inter

112 714 266 744 nomen
296 698 543 758 adjectivum
571 703 614 741 et
639 696 960 741 substantivum.
1031 698 1173 757 Atque
1203 698 1292 742 haec
1320 698 1472 758 figura,

113 795 238 840 quam
275 794 470 824 vocamus
507 775 875 836 sannlcenniny
913 777 1074 836 (veram
1106 777 1472 838 descriptionem),

112 860 340 904 maximum
375 859 494 920 poesi
529 864 824 903 ornamentum
861 856 1025 902 adferre
1063 858 1338 903 existimatur.

215 942 501 986 SYNEcnoan
523 936 820 1002 (συνεκδοχή)
850 945 914 983 θεῖ
933 938 1180 998 significatio
1207 940 1291 984 sive
1311 945 1474 999 tropus,

115 1022 185 1083 qui
221 1022 393 1082 plenum
431 1036 601 1065 sensum
636 1019 817 1065 reddere
854 1026 1019 1081 potest,
1058 1021 1136 1065 etsi
1165 1021 1255 1081 plus
1285 1020 1474 1064 minusve

115 1101 335 1163 significet.
405 1101 624 1146 Interdum
648 1107 782 1146 totum
804 1102 934 1162 ponit7
965 1102 1037 1147 uhi
1057 1117 1152 1162 pars
1173 1101 1299 1146 totius
1319 1101 1477 1146 intelli-

116 1183 251 1243 genda
289 1189 378 1241 est,
414 1189 462 1227 ut
495 1182 719 1227 Leidolvus
756 1182 936 1228 cecinit:

314 1263 489 1310 Mordus
526 1279 675 1308 aurum
712 1264 882 1309 abstulit
916 1279 1060 1309 secum
1097 1280 1148 1308 ex
1184 1264 1278 1308 aula

314 1345 427 1404 regis
464 1345 604 1404 illius,
654 1346 725 1405 qui
762 1345 963 1390 satellites
1000 1345 1175 1389 ornavit.

119 1427 202 1472 Hic
227 1443 379 1470 AURUM
406 1425 576 1486 ponitur
601 1441 677 1486 pro
705 1426 875 1484 annulo,
913 1441 997 1486 quo
1026 1441 1123 1469 eum
1142 1440 1215 1469 rex
1236 1424 1477 1469 donaverat.

118 1507 335 1554 Interdum
357 1506 629 1568 Synecdoche
656 1506 773 1566 ponit
795 1512 956 1566 partem
976 1522 1051 1566 pro
1072 1512 1177 1565 toto,
1216 1505 1327 1567 quod
1348 1506 1478 1550 intel-

118 1590 274 1634 lectum
309 1588 419 1646 vult,
456 1593 504 1632 ut
541 1587 619 1631 hoc
655 1587 774 1631 loco:

350 1667 562 1713 Flexibilis
600 1667 739 1711 carina
773 1667 858 1712 ruit
893 1682 969 1727 per
1003 1666 1204 1728 pallidos7

351 1747 597 1810 praevalidos
634 1747 783 1792 fluetus
821 1748 1091 1792 decumanos.

119 1831 199 1876 Hic
243 1845 404 1875 CARlNA
446 1845 522 1889 pro
569 1834 654 1873 tota
702 1829 793 1872 navi
830 1828 1013 1888 ponitur.
1085 1831 1131 1873 In
1177 1830 1256 1873 hoc
1298 1834 1480 1890 utroque

121 1911 315 1971 exemplo
352 1910 579 1971 impropria
608 1910 864 1970 comparatio
894 1916 981 1968 est,
1019 1924 1112 1953 nam
1143 1925 1311 1970 semper
1339 1926 1479 1969 omne,

121 1993 235 2054 quod
266 1991 387 2037 dividi
416 1998 579 2052 potest,
618 2007 668 2035 ex
696 1990 884 2051 partibus
914 1990 998 2034 suis
1027 1990 1306 2050 compositum
1335 1997 1414 2035 θεῖ.

222 2075 567 2120 ONOMATOPOEON
596 2069 987 2134 (ὀνοματοποιόν)
1025 2078 1089 2116 θεῖ
1117 2087 1271 2116 nomen
1301 2087 1352 2116 ex
1380 2087 1481 2117 voce

121 2155 300 2213 factum,
337 2159 385 2198 ut
419 2153 500 2198 hoc
534 2153 658 2198 loco:

122 2325 248 2365 totum,
273 2321 329 2354 vel
351 2331 372 2354 a
392 2323 464 2354 toto
487 2331 570 2364 pars
586 2320 803 2362 intelligitur.
851 2321 902 2353 Eo
924 2320 1012 2353 enim
1032 2325 1064 2354 et
1079 2331 1139 2364 per
1158 2321 1305 2364 speciem
1320 2333 1429 2364 genus
1451 2324 1486 2355 et

122 2394 183 2427 per·
203 2393 311 2424 genus
333 2382 470 2425 species
492 2382 772 2422 demonstratur,
798 2382 858 2414 sed
881 2382 1014 2424 species
1036 2393 1119 2425 pars
1144 2385 1216 2425 est,
1241 2393 1350 2424 genus
1372 2386 1485 2416 autem

121 2444 266 2477 totum”.
316 2443 409 2477 lsid.
424 2444 453 2476 Ι.
467 2443 535 2476 36.
560 2462 606 2467 —
634 2443 667 2486 ⁵)
689 2443 748 2476 sic
763 2445 825 2485 W‚·
852 2443 990 2485 Nion-or,
1016 2443 1117 2486 748,
1143 2442 1248 2484 forte
1268 2444 1486 2478 rectius.—

124 2505 158 2550 ὓ)
184 2506 347 2547 emend.,·
385 2505 597 2547 sinodoche,
636 2504 699 2548 W,
735 2505 827 2538 748.
875 2523 922 2528 —
969 2504 1180 2548 ⁷)bruna1·‚
1213 2505 1285 2548 id„
1323 2506 1415 2539 748.
1440 2524 1486 2530 -ι

127 2566 161 2610 ⁸)
188 2577 237 2601 ex
262 2567 402 2600 emend.
423 2566 562 2599 Raskiz·
586 2576 679 2609 pro.-
705 2567 961 2608 Omoromow,
987 2567 1046 2609 W,
1075 2566 1166 2599 248.
1199 2585 1246 2590 —
1284 2566 1316 2609 9)
1343 2566 1487 2600 eoecidic

125 2627 166 2660 in
189 2629 241 2662 W.
265 2646 311 2652 —
341 2627 390 2670 ¹⁰)
413 2620 685 2670 ”dvonezroxtorta
707 2631 760 2660 est
782 2639 901 2661 nomen
924 2628 963 2660 de
983 2638 1068 2660 sono
1091 2628 1220 2660 factum
1241 2631 1295 2660 ut:
1323 2627 1485 2660 tinnitus

127 2689 238 2732 oeris,
266 2690 424 2732 clanyor
449 2689 656 2722 tubarnm’⁷.
705 2690 841 2722 Donat.
865 2691 888 2722 l.
904 2700 933 2722 c.
958 2708 1004 2713 —
1029 2689 1339 2730 '’ONOMAT01’OE1A‚
1366 2698 1485 2721 nomen

127 2751 239 2782 fictum
273 2751 314 2783 ad
340 2750 539 2783 imitandum
572 2762 692 2783 sonum
726 2751 821 2784 vocis
853 2751 1027 2789 confusa),
1060 2753 1096 2782 ut
1128 2750 1258 2784 stridor
1288 2750 1484 2791 valvarum,

128 2811 279 2854 mugitus
304 2812 427 2855 boum,
452 2812 587 2845 balatus
613 2811 763 2846 ovium''.
812 2812 905 2847 lsid.
929 2812 960 2847 1.
982 2812 1050 2846 36.
