1832 3294
98 248 171 292 ΙΙΙ.
214 245 285 292 11-
552 264 740 297 FJGURAE
767 264 1032 297 οΒΑΤιοΝιε,
1355 243 1445 291 109

293 386 574 433 proficiscitur
608 386 660 431 ab
698 387 792 431 luco
829 386 1049 448 chalybum

295 484 446 529 pugna.
517 467 737 511 Thorrodo
775 475 869 512 ante
906 468 1147 512 constituto.

94 547 408 595 Jotacismns·
437 555 523 606 est,
560 548 593 592 si
621 563 853 592 consonans
884 555 903 592 z·
929 549 977 606 (i.
999 564 1036 592 e.
1054 549 1110 608 j)
1138 555 1232 609 post
1259 549 1441 593 vocalem

95 637 167 676 aut
192 631 300 675 inter
325 630 427 675 duas
454 629 614 674 vocales
643 628 836 689 ponitur,
873 635 921 673 ut
948 630 1033 674 hic:

294 711 511 757 Commisit
546 709 718 771 dynasta
754 725 805 754 eo
843 710 934 754 loco
972 710 1226 770 (pugnam),

288 792 362 837 ubi
397 799 518 837 antea
553 792 690 836 nullus
726 792 852 835 homo
889 790 967 836 sub
1004 790 1109 836 aede.

91 876 148 920 Et
182 873 536 936 quemadmodum
574 874 729 918 Olavus
765 872 899 932 Leggi
935 872 1043 917 filius
1080 873 1248 918 cecinit:

289 955 461 1000 Deliciae
496 956 671 1016 Freyae,
719 954 838 1014 ignis.

92 1039 300 1082 Praeterea
323 1038 514 1081 Donatus
551 1035 592 1080 id
625 1035 766 1080 vitium
801 1034 1063 1081 barbarismo
1100 1035 1370 1096 adnumerat,
1407 1036 1440 1080 si

92 1118 186 1164 duae
220 1118 381 1163 vocales
410 1117 499 1178 pari
528 1117 784 1177 longitudine
812 1117 1089 1178 (quantitate)
1119 1117 1292 1163 invicem
1319 1117 1440 1178 juxta

90 1206 304 1261 ponuntur
336 1199 377 1244 in
415 1199 575 1244 duabus
614 1197 804 1260 syllabis,
840 1205 887 1243 ut
922 1199 1017 1243 hic:

289 1281 429 1326 Ausus
466 1288 532 1326 est
565 1280 641 1325 Idii
675 1279 915 1325 verborum.

91 1364 375 1409 COLLisJONEs
404 1362 444 1407 id
471 1362 614 1407 vitium
643 1362 823 1423 appellat
843 1361 1103 1420 (Donatus),
1142 1361 1174 1405 si
1201 1377 1245 1405 m
1274 1360 1438 1406 duabus

89 1443 299 1489 vocalibus
335 1443 634 1504 interponitur,
670 1450 718 1488 ut
751 1442 961 1504 Eyvindus
997 1443 1172 1488 cecinit:

285 1524 572 1583 Portavimus,
609 1525 727 1584 Ulle,
772 1540 848 1585 per
881 1529 1039 1583 totam,

288 1605 388 1665 ligni
423 1605 625 1666 proeliaris
661 1605 704 1650 in
740 1605 995 1665 accipitrum.

88 1687 237 1733 Eidem
274 1687 370 1732 vitio
407 1686 675 1745 adnumerat,
713 1686 747 1731 si
780 1687 908 1730 altera
947 1684 1099 1746 syllaba
1128 1685 1167 1730 in
1199 1685 1281 1731 fine
1308 1701 1438 1731 voca-

88 1768 177 1813 buli
211 1784 287 1829 par
323 1768 374 1813 sit
407 1774 478 1812 aut
505 1767 646 1813 similis
674 1767 788 1812 initio
818 1766 927 1811 vocis
954 1766 1194 1828 sequentis,
1230 1773 1277 1812 ut
1308 1767 1438 1813 Einar

89 1849 265 1895 cecinit:

282 1932 426 1976 Durus
462 1937 600 1976 cessat
634 1930 673 1974 in
711 1928 886 1975 candido

284 2011 405 2057 dolor
440 2011 658 2071 Solborgae
694 2011 878 2056 brachio.

85 2095 215 2153 Item,
252 2094 286 2138 si
322 2093 414 2138 duae
452 2099 728 2138 consonantes
764 2093 802 2136 in
839 2091 1002 2137 duabus
1039 2092 1205 2154 syllabis
1243 2092 1352 2136 inter
1389 2108 1433 2137 se

86 2181 360 2234 concurrunt,
396 2181 444 2219 ut
478 2175 557 2219 hoc
591 2174 714 2219 loco:

83 2343 232 2387 Freyia,
264 2344 353 2378 757.
386 2360 431 2365 -
469 2341 503 2385 ⁰)
530 2342 588 2375 sic
614 2341 714 2384 748,
743 2342 846 2384 757,-
884 2352 1036 2383 angann,
1062 2341 1113 2374 id.
1143 2341 1198 2373 W.
1229 2361 1275 2365 —
1314 2341 1347 2385 9)
1374 2340 1433 2374 sic

85 2405 189 2448 748,
223 2406 326 2447 757,-
365 2403 488 2447 laeyiar
505 2427 514 2445 ‚
547 2403 619 2446 id„
658 2402 713 2435 W.
774 2401 946 2435 Celerum
970 2404 1100 2436 nullus
1126 2412 1264 2436 sensus
1290 2412 1338 2435 ex
1363 2403 1432 2435 hoc

82 2475 200 2499 versu
222 2466 310 2499 elici
329 2471 465 2509 potest,
493 2475 600 2510 quum
615 2464 777 2497 historia
793 2464 1041 2507 desideretur,
1067 2464 1274 2508 reliquique
1291 2472 1431 2496 versus

84 2527 234 2571 desint5
271 2538 387 2572 neque
413 2528 550 2572 liquet,
589 2531 715 2559 utrum
747 2525 857 2566 {ingan
891 2526 1021 2569 Freyiu
1058 2525 1324 2568 explicandum
1357 2524 1429 2566 sit,

82 2588 244 2622 maritus
267 2588 423 2633 Freyoe,
463 2589 591 2631 Odus,
629 2597 677 2620 an
712 2588 1004 2620 construendum
1039 2587 1256 2628 anganleygr
1280 2585 1429 2629 Freyiu‚

83 2648 214 2692 Freyae
240 2651 472 2684 delectabilis
505 2649 610 2693 iqui-s
643 2648 803 2690 sanior?
839 2650 977 2683 monile
1009 2647 1346 2691 Brisinqicum32.
1383 2663 1429 2670 —

85 2708 134 2752 ¹⁰)
161 2711 246 2744 vide
266 2712 303 2754 Ι,
330 2711 426 2745 398.
451 2731 495 2735 —
526 2710 574 2753 ¹¹)
601 2710 658 2743 sic
672 2711 761 2752 757,
788 2710 951 2754 rectius,
977 2716 1019 2744 ut
1037 2716 1149 2754 puto,·
1176 2707 1279 2755 Pytr,
1306 2709 1357 2740 W.
1382 2723 1428 2730 —-

88 2769 137 2813 ¹²)
159 2771 220 2804 hic
232 2772 272 2804 in
286 2773 445 2816 syllabis
459 2783 497 2806 ar
510 2771 770 2806 ”collisionis”
787 2772 996 2814 eaeemplum
1009 2772 1132 2805 datur.
1146 2787 1191 2793 —-—
1213 2768 1261 2812 ¹³)
1277 2767 1427 2810 snarpir,

84 2831 186 2874 748,
213 2832 302 2867 757.
