1832 3294
57 224 111 267 ΙΙ.
150 220 257 267 3-4.
594 242 653 272 DE
695 240 980 273 ALPHABETO.
1346 222 1409 269 55

55 379 241 407 Tirenus
285 362 524 421 derivatur,
579 378 705 423 quem
752 378 825 407 nos
872 362 1044 408 dicimus
1091 361 1235 423 mul,
1289 363 1408 425 quasi

56 444 217 489 diceres
253 460 421 505 parvum
458 444 620 488 solem:
659 459 754 487 nam
792 444 1147 504 quemadmodum
1183 446 1244 490 sol
1273 451 1408 491 totum

55 525 258 570 mundum
294 526 530 583 collustrat,
569 524 626 568 sic
662 525 806 568 titulus
842 532 956 570 recte
996 527 1171 587 scriptus
1208 525 1408 572 vocabula

0 622 2 654 l
55 608 246 652 illustrat.
309 608 388 651 Hae
409 612 504 650 sunt
523 612 705 666 quatuor
723 606 852 650 literae
871 607 1088 666 capitales:
1116 607 1171 668 fi,
1202 623 1247 668 v,
1275 605 1321 667 le,
1354 623 1410 670 q,-

4 688 5 691 ’
55 689 118 732 hae
145 704 243 732 vero
272 703 344 731 sex
374 687 536 731 vocales
568 686 797 746 simplices:
837 701 883 746 a,
915 702 955 745 e,
986 694 1016 746 i,
1049 703 1090 747 ο7
1121 703 1168 748 u,
1194 704 1245 749 y,
1283 698 1409 750 quaea

56 769 181 814 etiam
207 768 246 812 in
274 768 497 828 scriptione
525 767 802 827 conglutinari
840 768 988 812 solent.
1059 771 1190 814 Porro
1220 769 1282 814 hae
1310 777 1409 814 sunt

54 849 274 894 duodecim
309 855 587 894 consonantes
625 849 866 893 invariatae:
912 848 964 909 b,
1004 849 1059 909 d,
1096 851 1144 910 f,
1177 866 1235 910 y,
1273 848 1328 910 lc,
1367 849 1405 910 l,

53 946 117 991 m,
156 945 211 990 n,
247 944 305 990 p,
343 944 395 990 r,
435 944 483 989 3,
523 936 554 973 t.
625 931 703 975 Hae
740 936 835 973 sunt
870 929 999 975 literae
1035 932 1214 976 finales:
1269 928 1318 991 ὅ,
1357 947 1406 991 c,

2 1041 3 1048 κ
53 1027 114 1067 ω,
152 1027 198 1058 z.
262 1010 344 1072 ,τις
382 1026 436 1072 z,
473 1009 536 1071 ᾇ,
573 1011 634 1055 his
664 1010 793 1055 literis
822 1010 861 1055 in
890 1018 1034 1056 nostro
1065 1028 1260 1057 sermone
1290 1012 1407 1057 facile

54 1110 196 1140 carere
215 1108 462 1155 possumus,
490 1107 530 1138 ,τ
549 1092 826 1152 compositum
846 1100 910 1137 est
929 1109 979 1137 ex
1001 1108 1027 1138 c
1047 1100 1089 1138 et
1107 1108 1132 1139 s
1153 1093 1192 1138 in
1211 1108 1407 1138 sermone

0 1171 1 1198 ³
54 1177 211 1234 latino;
246 1190 300 1236 z,
339 1191 432 1236 quae
461 1175 579 1218 litera
608 1173 802 1218 hebraica
831 1182 919 1234 est,
958 1175 1236 1236 compositum
1265 1181 1330 1220 est
1357 1190 1408 1220 ex

0 1272 1 1277 ’
54 1258 89 1304 d
109 1265 151 1303 et
170 1272 221 1310 8,·
255 1256 302 1318 ᾇ·
327 1257 464 1317 potius
494 1256 646 1317 syllaba
673 1271 796 1316 quam
819 1256 937 1302 litera
957 1264 1037 1316 est,
1076 1272 1102 1303 e
1130 1264 1173 1302 et
1199 1263 1218 1301 t
1242 1257 1282 1301 in
1311 1271 1409 1301 ser-

0 1360 1 1369 *
52 1356 176 1385 mone
206 1339 331 1384 latino
359 1353 442 1382 una
471 1337 624 1398 syllaba
656 1338 910 1397 compositis.

152 1449 197 1497 4.
285 1453 430 1506 Quum
474 1467 573 1496 vero
618 1450 708 1495 aliae
753 1457 1030 1496 consonantes
1074 1466 1192 1496 suam
1227 1450 1409 1496 habeant

53 1534 264 1593 figuram,
317 1548 470 1577 nomen
518 1539 561 1577 et
602 1537 887 1592 potestatem,
950 1533 1040 1577 aliae
1085 1532 1408 1592 majuscularum

53 1614 247 1674 figuram,
284 1629 437 1658 nomen
466 1620 508 1658 et
533 1620 802 1673 potestatem,
842 1615 928 1658 aliae
955 1614 1131 1674 figuram
1151 1614 1406 1674 majusculae,

54 1695 318 1740 commutatis
355 1694 532 1738 nominis
570 1694 733 1752 literis,
790 1695 1038 1755 amplificata
1078 1702 1119 1739 et
1154 1695 1330 1739 nominis
1367 1701 1410 1740 et

51 1776 270 1838 potestatis
308 1776 673 1836 pronuntiatione,
711 1776 797 1820 aliae
826 1776 1002 1835 figuram
1031 1791 1148 1820 suam
1176 1775 1408 1834 retineant,

51 1862 294 1919 potestate,
348 1873 472 1918 quam
515 1857 555 1901 in
600 1873 794 1902 sermone
843 1858 998 1902 habere
1047 1857 1260 1916 debeant,
1313 1872 1408 1902 cum

0 1973 1 2005 1
52 1938 250 1984 nominali
285 1944 493 1998 potestate
531 1945 730 1999 aequata:
789 1938 876 1998 jam
913 1946 955 1983 et
989 1939 1145 1998 figuras
1183 1953 1329 1983 earum
1367 1945 1409 1982 et

52 2021 220 2066 nomina
260 2035 385 2079 supra
413 2019 563 2080 scripta
592 2019 816 2064 ostendere
847 2019 1054 2078 conabor,
1092 2026 1139 2064 ut
1167 2035 1260 2081 quae
1287 2025 1408 2064 antea

53 2101 260 2161 sigillatim
287 2106 384 2145 sunt
409 2099 637 2161 disputata,
675 2117 785 2145 nunc
811 2101 983 2146 collecta
1010 2101 1203 2146 universe
1232 2100 1273 2145 in
1301 2115 1407 2145 con-

53 2188 242 2244 spectum
278 2180 458 2226 cadant:

186 2292 242 2338 α,
282 2279 345 2338 a,-
384 2292 434 2337 ο,
471 2292 533 2339 9,·
574 2292 623 2338 e>
662 2292 722 2341 μ’
760 2285 799 2338 τ’,
838 2280 885 2339 t,-
924 2293 978 2338 u>
1016 2280 1174 2340 223212
1211 2277 1273 2339 ³32·

145 2476 184 2519 a)
212 2486 279 2510 eru
302 2475 389 2521 {mir
414 2475 487 2519 ok]
514 2477 630 2510 nescio
657 2488 699 2510 an
725 2477 903 2519 legendum
929 2477 996 2518 sit,
1032 2487 1099 2510 eru
1123 2478 1210 2524 {trt'r
1236 2478 1304 2520 ok,
1331 2476 1353 2509 i.
1380 2487 1408 2509 e.

54 2549 195 2582 quarum
227 2541 323 2577 tres,
357 2548 476 2580 nempe
509 2550 554 2582 a,
589 2549 630 2582 e,
668 2550 711 2582 0,
747 2551 818 2584 quae
852 2541 1042 2580 conjunctae
1075 2540 1226 2572 efficiunt
1252 2550 1283 2571 ιε
1307 2537 1408 2581 (ae),

53 2610 73 2646 ρ
100 2600 208 2643 (ao),
237 2606 260 2637 a
286 2599 379 2642 (eo).
413 2618 457 2623 —-
494 2601 532 2644 b)
559 2601 742 2645 Sequentia
768 2612 874 2645 usque
900 2603 942 2634 ad
968 2603 1067 2634 finem
1094 2601 1297 2645 paragraphi
1324 2610 1408 2632 con-

55 2661 196 2694 veniunt
228 2671 303 2693 cum
336 2664 506 2695 tractatus
542 2662 639 2704 primi
668 2660 692 2703 S
720 2663 834 2706 vita,
868 2667 904 2696 ut
929 2663 1051 2696 minori
1078 2664 1257 2697 verborum
1283 2660 1410 2695 ambitu

56 2723 91 2756 h.
112 2723 136 2756 l.
163 2723 422 2767 circumscripta
446 2723 527 2756 sint.
