1878 3309
16 37 21 221 ε

14 384 20 591 l

87 190 117 232 1.
157 186 262 233 4-5.
602 208 660 239 nn
695 206 985 240 ALPnAssE'ro.
1382 186 1441 233 23

88 329 185 373 mihi
205 326 322 390 (fra
341 328 486 392 mbr).
547 330 677 375 Multa
697 346 803 375 uxor
822 346 923 390 erga
942 330 1136 375 maritum
1154 328 1301 394 (ogr)
1319 346 1442 376 suum

83 410 190 455 adeo
218 410 374 472 placida
394 407 536 474 (v‘e‘r)
563 417 627 455 cst
655 410 714 468 (ei
743 417 826 455 tam
854 418 1096 457 constanter
1123 411 1358 472 adhaeret),
1396 419 1442 457 ut

10 534 11 559 Ξ
82 492 241 537 vultum
277 491 329 537 ab
366 508 417 537 eo
453 507 506 536 ne
542 493 604 537 vix
641 491 812 552 quidem
850 499 1035 538 avertat:
1098 494 1176 538 etsi
1213 493 1273 538 vir
1307 494 1440 538 malus

10 562 11 620 Ῐ
82 573 287 619 bonarum
314 573 559 618 seminarum
584 572 823 633 pudicitiam
844 574 1036 619 sollicitet
1053 572 1279 638 (v‘e‘niz),
1317 591 1366 621 ea
1393 591 1440 620 rc

10 683 11 686 =
82 655 142 699 vir
176 655 311 699 bonus
347 669 399 698 ne
436 669 482 699 se
511 653 760 698 adsvefaciat
787 650 1005 717 (vgssm'z).
1078 657 1195 701 Caeca
1223 656 1363 717 opinio
1397 665 1440 701 et

18 760 19 787 5
81 735 283 796 cupiditas
302 732 426 798 (vil)
446 742 631 796 sperant,
652 735 884 780 molestiam
904 741 946 780 et
963 736 1152 782 laborem
1169 739 1436 797 (aerumnam⁷

80 815 177 879 vil)
196 823 431 862 cessatura:
468 818 592 862 animi
612 823 817 862 attentum
838 817 1050 862 hominem
1076 820 1437 864 commonefacere

80 896 304 961 (minna)
332 900 423 944 volo
451 914 642 944 meorum
661 895 886 961 (minna)
906 900 1188 959 negotiorum,
1226 916 1320 961 quae
1338 901 1436 944 mihi

79 980 192 1025 cordi
219 981 316 1026 sint.
385 981 447 1025 Ea
465 981 616 1026 mulier
635 980 761 1025 deum
780 977 932 1043 (qap)
951 987 1195 1041 veneratur,
1233 997 1327 1043 quae
1347 982 1435 1042 ipsa

78 1069 143 1107 est
178 1061 289 1108 hona
323 1059 512 1124 (yo'fi):
556 1063 671 1108 nolet
697 1060 898 1124 (mima)
925 1069 1060 1107 mater
1094 1059 1296 1125 (mona)
1324 1078 1433 1121 mea⁷

77 1144 210 1205 inquit
239 1160 368 1205 puer,
405 1160 474 1189 me
503 1145 621 1205 pejus
650 1160 775 1206 quam
803 1151 984 1189 ceteram
1015 1144 1209 1189 familiam
1238 1150 1432 1190 tractare.

16 1233 17 1239 ’
75 1227 192 1270 Bene
241 1227 393 1287 placuit
430 1225 629 1271 Godrodo
675 1223 962 1287 (Gofirafit’)
1005 1225 1164 1271 bonum
1210 1226 1432 1286 remigium

16 1325 17 1356 1
73 1304 369 1370 (ᾳορνάρῑ),
407 1308 487 1353 hoc
523 1316 611 1363 est,
648 1308 747 1353 boni
782 1309 913 1363 remi,
949 1309 1009 1353 uti
1045 1312 1168 1369 poeta
1207 1308 1381 1353 cecinit:

336 1390 488 1435 Milites
524 1390 628 1449 regii
664 1396 803 1434 rectos
840 1406 978 1435 remos

337 1487 360 1516 e
396 1472 500 1515 mari
537 1471 700 1531 eripere
736 1472 934 1529 sciunt23

74 1553 259 1597 futurum
287 1560 401 1598 esset
426 1549 660 1615 (monde),
698 1560 746 1599 ut
771 1553 918 1597 domus
940 1568 1090 1614 aquam
1111 1552 1426 1605 transmitteret„

72 1634 148 1678 nisi
194 1649 287 1678 eam
331 1635 447 1679 saber
488 1641 599 1680 tecto
644 1636 863 1680 muniisset
905 1632 1154 1697 (me'ndz').
1253 1634 1425 1679 Advena

71 1715 182 1760 fores
208 1712 396 1778 (dora)
423 1716 630 1777 pulsante,
667 1717 963 1778 paterfamilias
991 1733 1074 1760 non
1095 1715 1223 1761 debet
1242 1716 1424 1761 dormire

67 1793 285 1860 (dv'ra).·
330 1795 499 1843 rv'nar
531 1797 726 1843 dicuntur
758 1813 926 1856 verres7
962 1794 1131 1843 rv'nar
1160 1799 1422 1842 characteres

70 1879 264 1938 (literae).
308 1878 432 1937 Vide,
453 1885 499 1924 ut
515 1888 643 1938 rates,
666 1895 791 1941 quam
811 1880 947 1925 navita
967 1880 1078 1925 vehit
1093 1876 1283 1942 alym),
1305 1880 1422 1941 aquis

67 1960 182 2005 innet
209 1957 407 2023 (fifftrss
441 1960 689 2006 secundiore
714 1958 972 2024 (brynna)
999 1968 1121 2006 vento
1148 1961 1422 2021 gubernatori

68 2057 174 2102 opus
204 2048 293 2102 est,
330 2058 455 2104 quam
483 2043 545 2099 ei,
582 2043 651 2104 qui
681 2043 810 2088 boves
838 2043 980 2104 aquari
1000 2039 1258 2105 (bry'nna)
1278 2043 1420 2088 debet.

166 2153 211 2200 5.
282 2154 409 2210 Quod
439 2155 472 2200 si
504 2155 589 2200 ulla
625 2172 675 2201 ex
705 2155 766 2200 his
792 2155 962 2216 triginta
988 2171 1060 2201 sex
1087 2154 1419 2201 distinctionibus

15 2257 16 2282 1
66 2236 120 2281 ita
157 2237 312 2297 poterit
346 2236 504 2294 omitti,
541 2243 587 2282 ut
619 2252 832 2298 nunquam
861 2253 910 2282 ea
939 2237 992 2283 sit
1021 2253 1126 2299 opus
1155 2238 1193 2283 in
1224 2253 1418 2283 sermone

63 2403 255 2438 Praeterea
274 2405 315 2438 in
336 2405 535 2439 nonnullis
556 2405 742 2450 exemplis
761 2405 804 2438 ab
820 2411 973 2439 auctore
986 2406 1129 2439 adlatis
1139 2406 1414 2450 pronuntiatio,

63 2466 107 2498 ab
141 2466 324 2504 hodierna
353 2467 666 2512 pronuntiatione
699 2467 855 2501 diversa
868 2492 878 2512 ‚
912 2473 980 2501 aut
1010 2468 1210 2501 dialectica
1243 2468 1414 2502 varietas

15 2529 16 2548 ³
64 2527 184 2560 locum
205 2528 324 2572 habet,
351 2534 393 2562 ut
412 2529 452 2562 in
471 2529 522 2578 pl,
547 2529 578 2578 91
599 2529 702 2572 (hod.
721 2529 774 2572 al,
800 2529 872 2572 όΙ),
898 2528 982 2579 νριι,
1008 2531 1073 2579 vg'm
1095 2529 1199 2573 (hod.
1215 2535 1292 2571 von,
1318 2530 1414 2573 von),

15 2609 16 2625 2
62 2597 144 2634 vpr,
177 2589 235 2637 vgir
261 2590 364 2632 (hod.
390 2601 471 2633 ver,
506 2591 620 2634 νων),
653 2591 780 2641 νρηεῑ,
812 2591 914 2641 νριιει
939 2592 1044 2635 (hod.
1071 2591 1198 2634 venjist
1215 2616 1224 2634 ,
1254 2591 1412 2634 vaenist),

15 2693 16 2703 ἶ
63 2648 199 2691 ηιῤηί,
227 2645 337 2690 mo'ndi
364 2650 466 2694 (hod.
494 2652 629 2693 mundi,
657 2652 807 2695 maendi).

155 2725 192 2768 ss)
222 2729 371 2759 Auctore
394 2730 493 2770 pocta
516 2729 705 2770 Tlijodolvo
726 2730 869 2762 Arnoris
891 2730 972 2771 filio,
1001 2730 1073 2762 vide
1092 2731 1174 2763 llkr.
1193 2733 1273 2764 llar.
1289 2731 1408 2764 {lai-dr.

63 2796 136 2828 cap.
162 2788 216 2820 62.
244 2792 306 2820 str.
333 2790 377 2821 3:
408 2791 500 2822 b‘ms.
527 2791 566 2832 (5,
593 2790 678 2831 309,
705 2791 725 2823 2
751 2792 804 2834 (ct
830 2792 923 2824 Fms.
955 2793 994 2825 12
1020 2792 1058 2824 ad
1087 2793 1117 2824 h.
1145 2793 1201 2834 1.).
