1832 3294
73 237 147 280 111.
183 235 226 281 5.
363 253 720 285 ιτυΝοΑΜΕΝΤωι
760 251 1108 285 GRAMMATICES.
1342 233 1406 282 83

168 375 213 422 5.
299 377 461 437 Syllaba
505 383 569 419 est
611 389 794 418 connexa
841 375 1052 420 literarum
1097 375 1278 436 positio,
1321 391 1404 420 uno

70 474 167 503 cum
204 458 346 519 spiritu
381 472 546 517 unoque
582 462 780 513 accentu,
818 456 1146 516 inseparabiliter
1180 458 1405 518 composita

70 547 115 584 et
165 539 440 600 pronuntiata.
527 537 690 597 Syllaba
742 543 921 596 quatuor
972 538 1098 582 habet
1149 539 1405 585 accidentia:

71 638 260 666 mmmm
287 620 368 665 sive
393 633 627 674 numerum,
665 633 877 677 smmum,
914 635 1079 663 TEMPUS
1101 626 1143 664 et
1161 636 1406 666 ACCENTUM.

71 704 275 748 Nimirum
304 699 455 762 quaevis
483 698 636 759 syllaba
663 697 790 743 habet
816 714 1058 758 numerum,
1095 717 1219 746 unam
1247 703 1406 748 literam

73 791 144 829 aut
179 784 314 844 plures
335 816 347 839 ,
392 782 587 841 nullaque
622 779 777 840 syllaba
812 780 853 824 in
888 781 1013 825 latino
1049 797 1241 827 sermone
1268 785 1406 844 plures

71 864 199 910 habet
240 864 410 922 literas,
464 878 587 924 quam
631 876 733 906 sex:
787 861 825 905 in
869 862 1008 921 lingua
1044 878 1141 907 vero
1178 866 1407 925 Norvegica

71 947 212 1008 plures
248 946 288 990 in
323 960 405 990 una
441 942 592 1005 syllaba
629 949 738 987 stare
774 958 857 987 non
892 950 1098 1003 possunt,
1153 961 1276 1005 quam
1312 953 1406 991 octo

71 1035 142 1074 aut
175 1043 320 1072 novem
333 1036 367 1086 a,
403 1032 450 1070 ut
484 1022 748 1088 sppnnzlcr
775 1024 1091 1085 (Hispanicus),
1128 1025 1409 1073 strennzlcr

21 1087 24 1094 ¹
70 1108 397 1169 (Strandensis).
474 1109 520 1152 In
565 1121 756 1152 sermone
796 1106 922 1150 latino
968 1105 1060 1151 duae
1105 1106 1156 1151 ad
1199 1124 1408 1155 summum

70 1195 344 1236 consonantes
391 1189 517 1234 vocali
561 1194 888 1250 praeponuntur,
942 1194 1026 1233 tres
1070 1195 1407 1250 postponuntur3

24 1296 25 1316 1
72 1272 147 1317 sed
190 1271 231 1315 in
275 1286 466 1315 sermone
501 1269 732 1328 Norvegico
776 1275 861 1314 tres
907 1277 1180 1315 consonantes
1224 1273 1408 1318 vocalem

26 1387 27 1424 3
71 1352 324 1415 praecedere,
361 1352 542 1412 quinque
571 1351 770 1411 consequi
797 1358 985 1411 possunt,
1023 1358 1068 1396 ut
1097 1367 1145 1397 ex
1174 1354 1407 1400 nominibus

72 1450 198 1495 supra
241 1433 400 1494 scriptis
443 1432 611 1491 intelligi
656 1432 763 1476 licet.
856 1433 935 1476 Hae
980 1433 1147 1494 syllabas
1189 1436 1408 1482 maximam

28 1568 29 1575 1
71 1514 418 1577 pulchritudinem
462 1513 512 1558 ad
554 1513 699 1574 poesin
734 1513 956 1573 adserunt,
1010 1515 1042 1559 si
1079 1514 1226 1560 eadem
1260 1518 1408 1563 vocalis

28 1580 29 1583 ¹
70 1596 178 1641 binis
211 1595 371 1657 syllabis
398 1596 530 1654 inest,
568 1594 808 1655 eaedemque
838 1595 966 1640 literae
994 1604 1326 1657 consequentes,
1362 1606 1409 1645 ut

29 1738 30 1741 Ἰ
73 1678 168 1723 hic:
231 1691 428 1736 snarpr
466 1676 637 1735 (acer),
686 1690 857 1735 yarpr
893 1677 1027 1736 (vir);
1091 1694 1192 1739 quas
1237 1679 1408 1726 dicimus

29 1743 31 1816 1
73 1759 252 1821 syllabas
281 1758 536 1803 harmonicas
564 1758 721 1819 plenas,
793 1759 836 1803 Si
862 1774 959 1802 vero
987 1759 1026 1803 in
1051 1766 1227 1821 utraque
1255 1762 1409 1822 syllaba

29 1822 31 1860 ³
75 1841 245 1886 diversae
272 1846 367 1885 sunt
392 1840 577 1897 vocales,
615 1854 758 1884 omnes
779 1854 875 1883 vero
904 1839 1061 1884 effidem
1086 1840 1407 1903 subsequentes,

32 1916 33 1937 *
73 1929 120 1967 ut
152 1923 240 1967 hic:
276 1918 437 1967 vaslcr
465 1921 650 1979 (fortis),
687 1918 842 1966 ro'slcr
870 1921 1140 1980 (strenuus):
1178 1923 1250 1968 has
1279 1924 1409 1968 semi-

32 1982 33 1991 *
73 2004 215 2065 plenas
257 2017 451 2047 vocamus
497 2001 673 2063 syllabas
721 2003 992 2048 harmonicas.
1088 2005 1194 2059 Quae
1245 2006 1409 2067 syllaba}

73 2084 319 2130 harmonicas
355 2084 510 2144 optime
547 2083 694 2128 cadere
739 2084 1053 2145 existimantur,
1107 2086 1141 2130 si
1185 2092 1409 2149 utrumque

73 2166 320 2211 vocabulum
378 2165 537 2210 duabus
591 2164 757 2226 syllabis
810 2172 1001 2225 constat,
1056 2183 1232 2227 quarum
1284 2169 1409 2229 priori

75 2246 221 2292 eadem
272 2247 421 2291 vocalis
475 2246 717 2307 eaedemque
779 2254 1081 2308 consequentes
1135 2257 1409 2296 consonantes

36 2329 37 2344 ¹
77 2328 179 2386 sint,
216 2327 423 2389 posterior
457 2343 554 2372 vero
588 2326 739 2388 syllaba
767 2343 847 2372 una
876 2329 1105 2391 eademque
1140 2330 1215 2391 sit,
1252 2338 1298 2377 ut
1332 2332 1411 2377 hoc

168 2504 206 2547 a)
231 2504 296 2537 Est
320 2505 353 2537 in
380 2513 518 2536 numero
543 2504 722 2536 literarum
748 2505 782 2537 11.
807 2504 830 2537 l.
856 2505 971 2549 aliqua
995 2508 1238 2550 repugnantia3
1279 2508 1413 2542 videtur

39 2590 41 2619 3
78 2567 209 2598 Auctor
229 2566 333 2609 priori
354 2565 427 2598 loco
450 2566 581 2598 literam
602 2576 627 2598 z
648 2576 707 2608 pro
723 2565 863 2609 duplici,
890 2568 963 2600 loco
984 2569 1163 2611 posteriori
1188 2581 1246 2613 pro
1267 2568 1410 2614 simplici

0 2632 11 2639 ·
77 2627 260 2669 habuisse,
286 2628 384 2670 sive,
410 2628 494 2672 quod
520 2628 634 2660 eodem
660 2628 769 2670 redit,
795 2628 827 2661 in
852 2629 957 2671 priori
983 2630 1057 2663 loco
1082 2632 1345 2675 etymologiam,
1378 2632 1411 2665 in

77 2688 257 2732 posteriori
281 2689 584 2732 pronuntiationem
605 2692 740 2722 secutus
760 2690 901 2723 videtur.
949 2691 1013 2724 Pro
1034 2692 1262 2735 etymologica
1283 2692 1412 2726 ratione

78 2751 172 2783 stare
195 2750 351 2784 videntur
374 2751 491 2784 forma:
505 2774 515 2794 ,
540 2751 657 2794 quales
680 2752 905 2795 menndskr,
931 2754 1026 2786 Fms.
1055 2754 1115 2796 10,
1140 2754 1219 2787 329.

1065 2905 1110 2937 G*
