1832 3294
88 247 163 292 111·
205 242 277 290 14·
546 259 736 293 meum:
762 258 1026 292 onA'moxls.
1336 235 1430 284 v13⁵7

417 384 525 428 Nam
559 381 699 426 amicae
733 396 838 426 meae

418 463 596 508 liberalis
633 462 849 506 Thorketil
883 462 1057 507 voluita.

88 547 168 592 Hic
203 543 461 603 Porlcetz'll
502 543 669 604 ponitur
711 558 787 603 pro
833 543 1038 602 borkell,
1091 557 1328 604 nomenque
1375 539 1432 586 sic

89 628 251 674 duabus
287 627 446 682 literis,
490 640 573 670 una
607 638 705 668 vero
743 623 930 684 syllaba,
975 630 1186 684 augetur,
1238 630 1286 668 ut
1322 638 1430 668 con-

91 709 277 754 sonantia
313 708 363 767 (i.
392 723 430 753 e.
461 706 600 767 justus
636 703 885 766 syllabarum
920 705 1142 763 numerus)
1183 711 1385 750 servetur.

187 792 420 835 PARAGOGE
472 782 767 852 (παραγωγή)
819 786 860 830 in
912 786 994 830 fine
1038 785 1228 831 vocabuli
1273 786 1433 831 literam

91 877 164 917 aut
197 869 394 932 syllabam
428 868 618 930 apponit,
654 873 701 912 ut
734 867 875 911 Arnor
909 867 1088 911 cecinit:

288 950 386 996 Feci
420 965 566 995 navem
599 964 736 993 meam
770 948 898 993 firmis
934 947 1086 992 tabulis

290 1046 432 1076 secare
466 1029 620 1075 undam
656 1030 697 1074 in
732 1030 878 1075 itinere
913 1029 1177 1074 mercatorio.

90 1113 172 1160 Hic
196 1129 280 1158 una
304 1112 421 1157 litera
448 1112 533 1156 sive
561 1110 715 1172 syllaba
742 1111 782 1155 in
809 1126 909 1156 voce
938 1108 1141 1156 lmarra
1168 1106 1435 1171 apponiturb,

91 1202 140 1241 ut
174 1193 442 1241 consonantia
478 1198 682 1237 servetur.

190 1277 384 1322 Apoeopss
437 1269 702 1336 (ἀποκοπή)
757 1272 960 1317 contraria
1013 1278 1077 1317 est
1127 1271 1222 1316 huic
1265 1272 1436 1331 figurae,

93 1373 220 1404 unam
259 1357 421 1402 literam
463 1360 535 1400 aut
577 1352 777 1415 syllabam
814 1353 864 1398 de
901 1353 983 1398 fine
1021 1353 1128 1399 vocis
1164 1352 1437 1412 abscindens,

95 1446 143 1485 ut
176 1439 272 1484 hic:

292 1519 340 1564 Id
374 1517 577 1579 pollicitus
613 1531 704 1561 sum
741 1515 949 1576 praestanti
986 1515 1145 1578 yirgini.

97 1601 223 1656 Quod
276 1601 317 1644 in
369 1599 486 1660 poesi
528 1613 722 1644 vocamus
769 1594 984 1658 ordko'lf
1026 1597 1241 1656 (truncum
1292 1596 1437 1656 vocis,

97 1697 242 1727 vocem
276 1680 548 1738 truncatam).

160 1771 163 1775 '
194 1764 390 1809 SYSTOLE
427 1756 677 1824 (συστολή)
705 1759 872 1819 longam
890 1759 1099 1820 ‘syllabam
1128 1759 1299 1805 brevem
1328 1757 1438 1819 facit,

95 1849 142 1889 ut
175 1849 296 1889 antea
331 1842 528 1902 scriptum
564 1846 659 1886 est:

358 1920 501 1969 blo'ds
536 1921 764 1969 vindara
798 1919 955 1967 ro'drz'.

97 2091 201 2126 scisio
227 2092 267 2124 de
291 2092 390 2125 fine”.
437 2091 531 2124 [sid.
547 2091 652 2134 Oriq.
674 2092 697 2124 l.
714 2102 742 2124 c.
766 2110 811 2114 —
835 2090 871 2134 ⁷)
897 2090 983 2123 vide
1008 2100 1126 2133 supra
1151 2090 1191 2123 in
1218 2089 1441 2132 soloecismo,

96 2154 138 2187 in
165 2155 334 2196 enallaqe
361 2163 533 2195 casuum,
558 2163 594 2195 p.
614 2152 694 2185 116.
719 2171 765 2176 --
796 2151 829 2195 ⁸)
856 2145 1026 2195 ”συστολή
1053 2156 1106 2184 est
1130 2152 1296 2194 correptio
1323 2154 1441 2184 conti-a

97 2219 253 2248 naturam
290 2214 407 2254 vei-bi,
446 2213 619 2246 contraria
654 2213 794 2253 Ectasi,
833 2217 894 2246 ut:
946 2212 1034 2246 Cum
1070 2214 1192 2247 subito
1233 2222 1444 2256 aseuryens

97 2276 214 2319 fluctu
258 2275 451 2308 nimbosus
492 2275 632 2318 Orion,
682 2286 778 2319 quum
818 2275 936 2308 Orion
982 2276 1145 2317 producta
1182 2274 1245 2306 dici
1284 2274 1443 2308 debeat’'.

98 2337 233 2370 Donat.
256 2338 280 2370 l.
297 2347 326 2370 c.
351 2354 394 2359 —
419 2337 600 2381 ''Systole,
625 2336 794 2378 eoi-reptio
821 2340 940 2369 contra
964 2336 1158 2369 naturam''.
1194 2335 1287 2370 [sid.
1306 2337 1331 2369 Ι.
1347 2346 1376 2370 c.
1398 2353 1444 2360 —

98 2397 134 2443 ⁹)
159 2398 246 2432 vide
271 2407 408 2441 supra,
440 2409 476 2441 p.
503 2398 594 2431 102.

190 2470 229 2514 a)
244 2470 288 2503 Hi
305 2481 426 2503 versus
440 2470 627 2513 respiciunt
639 2480 770 2502 amores
785 2470 951 2502 Kormaki
967 2473 1000 2502 et
1012 2469 1234 2511 Steingerdae‚
1259 2469 1443 2502 Thorkelis

100 2531 294 2573 'tungensis
314 2531 404 2574 filiae,
430 2532 470 2564 de
484 2532 601 2575 quibus
615 2531 700 2565 Vita
713 2531 890 2571 Kormaki,
918 2531 972 2563 ubi
986 2531 1020 2563 hi
1036 2541 1156 2564 versus
1170 2542 1233 2564 non
1249 2533 1443 2564 occurrunt.

102 2593 188 2626 Gen.
209 2592 379 2626 ma'lvinu
403 2593 554 2626 minuar
578 2594 696 2636 pendet
721 2604 741 2625 a
765 2593 874 2626 subst.
899 2593 1011 2636 aliquo
1038 2593 1071 2625 in
1097 2593 1272 2635 versibus,
1297 2591 1350 2635 qui
1378 2592 1442 2624 de-

102 2653 306 2687 siderantur.
344 2672 390 2678 —
437 2650 475 2697 b)
500 2656 551 2687 Re
575 2666 656 2687 vera
680 2654 933 2696 intelligendum
959 2657 1033 2695 est,
1065 2665 1181 2687 vocem
1208 2653 1386 2686 dilatatam
1413 2654 1444 2685 et

104 2714 222 2748 formae
247 2719 390 2759 apertae,
415 2716 572 2759 knarri,
601 2716 634 2749 h.
661 2716 683 2748 l.
709 2715 864 2758 usurpari
889 2727 948 2759 pro
974 2716 1084 2748 forma
1108 2716 1251 2756 clausa,
1278 2715 1408 2748 knb'rr.
