1832 3294
77 189 150 234 IV.
187 185 234 233 4·
500 206 692 240 Fleuum.
727 207 991 242 onA'moNJS.
1342 190 1434 239 199

174 323 221 370 4.
291 327 566 371 HYPALLAGE
597 326 889 393 (ύπαλλαγή)
920 330 990 389 fit,
1027 345 1158 391 quum
1193 330 1252 390 is,
1289 331 1360 393 qui
1388 346 1435 377 re

73 421 171 451 vera
207 406 360 451 faciens
399 414 487 466 est,
524 408 708 468 patiens,
747 416 790 453 et
824 409 895 470 qui
933 425 980 455 re
1016 425 1113 456 vera
1148 411 1308 472 patiens
1344 418 1434 472 est,

16 542 18 546 Δ
74 487 225 532 faciens
263 487 520 548 appellatur,
557 494 605 532 ut
640 487 737 532 hic:

206 570 363 627 Pugnae
400 568 520 628 periti
556 574 748 626 gestores
783 568 889 627 ignis

206 648 372 692 scutarii
411 647 654 693 devicerunt
689 663 858 707 regem⁷
897 649 937 693 in
969 651 1066 710 jure

206 727 477 788 exsequendo
514 744 725 773 severum.
799 729 956 774 Cimbri
993 731 1189 776 acerbam

205 815 445 868 temporum
480 809 741 869 iniquitatem
779 810 940 869 experti
976 818 1088 856 sunt.

203 891 315 934 Raro
352 888 475 933 laudo
513 888 686 933 modum
723 896 965 935 servatum:

204 970 333 1014 virtus
370 969 467 1014 odio
504 969 706 1014 habetur:
744 969 961 1014 mendacia
998 971 1394 1032 deprehenduntur:

202 1065 470 1110 possessores
506 1050 617 1110 parci
655 1050 849 1109 honoris7
887 1051 1006 1096 valde
1043 1052 1246 1113 audaces7

202 1145 352 1175 caesam
390 1130 677 1175 haereditatem
715 1131 796 1189 (vi)
834 1132 1031 1177 retinent.

16 1239 17 1242 =
70 1210 151 1255 Hic
191 1211 413 1256 haereditas
457 1226 562 1255 caesa
607 1211 787 1270 dicitur,
835 1228 928 1272 quae
973 1212 1195 1257 interfecto
1242 1214 1427 1273 legitimo

16 1294 17 1325 ἲ
69 1307 315 1351 possessore
369 1298 513 1352 erepta
570 1298 612 1336 et
656 1308 678 1335 a
725 1292 1045 1352 percussoribus
1090 1300 1290 1354 occupata
1337 1295 1429 1340 fuit.

15 1364 17 1397 ἶ
69 1371 165 1416 Alio
200 1372 291 1416 loco
329 1372 477 1417 eadem
514 1373 649 1431 figura
687 1378 780 1416 est:

269 1452 520 1497 Praebitores
558 1452 724 1496 collium
761 1453 1098 1512 serpentinorum

269 1547 379 1592 equo
416 1533 552 1592 pelagi
590 1539 735 1576 ventos
773 1533 992 1577 miserunt.

69 1613 163 1656 Hoc
199 1613 290 1656 loco
328 1611 525 1657 dicuntur
559 1613 670 1657 venti
706 1613 870 1672 navigio
907 1628 1001 1657 esse
1037 1612 1177 1672 missi7
1215 1629 1345 1674 quum
1380 1629 1428 1658 re

16 1726 17 1736 ,
69 1708 166 1737 vera
203 1692 315 1736 navis
352 1699 465 1737 esset
501 1693 631 1737 ventis
660 1693 810 1751 missa,
848 1693 874 1737 i.
897 1708 935 1736 e.
964 1693 1115 1737 horum
1142 1692 1314 1738 arbitrio
1341 1694 1427 1737 sive

15 1753 17 1795 J
70 1773 269 1833 potestati
304 1772 508 1832 exposita.
579 1773 759 1833 Alioque
796 1774 886 1817 loco
925 1773 983 1817 sio
1018 1779 1115 1818 est:

399 1854 480 1897 Per
513 1868 638 1897 rauca
675 1853 818 1913 capitis
856 1854 990 1913 palata

399 1932 527 1977 {labat
560 1932 662 1977 tibia
697 1933 921 1977 histrionis.

71 2013 152 2058 Hic
189 2012 309 2072 tibia,
346 2028 440 2073 quae
475 2012 614 2057 inflata
649 2019 739 2072 est7
785 2013 885 2057 ssare
922 2013 1086 2057 dicitur.
1156 2014 1259 2057 Haeo
1294 2014 1426 2072 figura

71 2179 411 2222 accommodatius,
447 2189 519 2222 pro
546 2180 678 2220 grafins
713 2180 797 2214 sive
829 2180 960 2223 potius
985 2179 1119 2221 grafnis
1145 2178 1208 2222 (=
1233 2179 1429 2222 gramnis),

16 2248 17 2254 ¹
71 2242 167 2286 quod
203 2241 245 2274 in
286 2240 333 2272 W
368 2244 506 2272 exstat.
554 2259 599 2264 —
649 2240 684 2283 ⁴)
718 2241 842 2283 tamir,
882 2241 1064 2283 olavim,
1103 2240 1199 2284 quod
1235 2245 1271 2273 et
1305 2240 1429 2283 maqis

69 2303 215 2345 placet,
239 2305 398 2344 propter
424 2301 580 2341 fruman,
607 2302 703 2343 quod
718 2301 804 2341 jam
830 2301 1000 2335 occurrit
1022 2300 1062 2333 in
1083 2301 1208 2344 primo
1230 2311 1359 2335 versu.
1385 2318 1430 2324 —

75 2362 109 2405 ⁵)
137 2362 298 2394 Olavius
330 2362 430 2394 haud
463 2361 571 2393 dubie
604 2363 808 2394 seczmdum
843 2362 1099 2401 conjecturam
1133 2362 1249 2405 legit.-
1294 2362 1430 2402 liotjdta

72 2423 220 2464 strong-a
244 2424 332 2463 daga
348 2445 357 2463 ,
382 2433 518 2466 parum
542 2423 713 2465 proficua
729 2447 738 2464 ‚
768 2422 989 2455 calamitosa
1017 2427 1202 2465 tempora,
1230 2434 1252 2455 a
1277 2423 1429 2464 libijdtr,

75 2484 166 2517 tetri
192 2484 360 2523 auxilii,
398 2494 534 2526 parum
558 2484 764 2526 proficuus.
825 2483 1038 2516 Secundum
1065 2483 1261 2516 lectionem
1288 2484 1430 2516 codicis

28 2536 33 2539 ’
74 2546 120 2578 W
141 2545 225 2585 ljotr
250 2544 335 2585 lior,
361 2544 498 2585 foedus
518 2545 660 2586 nodus,
688 2545 722 2576 Ιι.
739 2545 761 2576 l.
785 2544 1039 2586 metaphorice
1060 2544 1224 2577 sumitur
1250 2544 1293 2576 de
1317 2544 1430 2586 yram·

75 2605 313 2647 difficultate.
351 2623 397 2629 —
450 2605 483 2648 ⁶)
510 2606 591 2638 Hoc
617 2606 826 2648 exemplum
849 2604 1053 2646 formatum
1079 2613 1163 2638 esse
1188 2604 1341 2638 videtur
1365 2614 1429 2637 se-

76 2666 236 2699 cundum
260 2666 358 2698 illud
379 2666 582 2700 Latinum.-
618 2666 744 2699 ”Daro
770 2665 957 2700 classibus
984 2665 1174 2708 austros’'‚
1200 2664 1288 2699 vide
1312 2673 1430 2707 supra

75 2737 114 2770 p.
137 2725 216 2761 198
242 2730 320 2761 noe.
345 2726 379 2761 1.
