1832 3294
80 263 155 309 ΠΙ.
197 260 271 308 13·
534 280 722 313 meunAE
752 279 1012 313 onA'rioMs.
1324 258 1412 307 131

159 402 488 448 Amnnmonocm
504 400 856 467 (ἀμφιβολογία)
874 407 938 446 est
953 400 1198 462 ambiguitas
1215 400 1417 461 dictionis,

80 499 174 545 quae
208 484 347 529 multis
382 483 515 528 modis
551 482 618 527 fit:
657 481 865 527 interdum
900 498 975 543 per
1000 499 1119 529 casus
1146 483 1415 542 accusativos,

80 572 127 610 ut
162 565 240 609 hoc
274 565 398 609 loco:

275 645 397 691 Viros
432 644 651 690 bellicosos
687 642 839 704 opinati
878 659 1020 689 sumus
1056 645 1134 690 illic

275 742 413 772 acrem
448 725 571 770 animi
605 740 751 785 regem
785 725 963 770 vincere.

79 808 159 854 Hic
194 807 367 852 dubium
403 813 489 866 est,
526 806 652 852 virine
686 806 873 852 bellicosi
908 822 1078 866 regem⁷
1115 822 1166 852 an
1202 823 1274 852 rex
1308 808 1416 854 viros

79 888 300 936 bellicosos
328 889 502 948 vincant,
540 886 657 947 cujus
685 886 945 948 amphiboliae
972 903 1093 933 causa
1116 894 1180 933 est
1196 888 1419 934 verborum

80 970 348 1016 constructio.
417 968 632 1015 Interdum
659 969 746 1013 haec
773 968 908 1028 figura
938 968 985 1014 fit
1012 984 1088 1030 per
1116 969 1419 1017 distinctionem

80 1051 328 1111 verborum7
365 1058 411 1097 ut
444 1051 540 1096 hie:

339 1133 387 1178 In
423 1132 539 1178 dictis
574 1132 687 1177 vafro
723 1130 890 1176 minime

340 1212 382 1258 id
415 1214 526 1274 regis
562 1217 698 1275 poetae
734 1212 881 1258 solatio
918 1218 995 1258 est.

80 1294 161 1340 Hic
189 1310 335 1340 sensus
363 1294 404 1339 in
431 1310 481 1340 eo
503 1295 689 1352 vertitur,
726 1300 865 1338 utrum
888 1301 989 1355 εἰμι’
1006 1294 1217 1354 (minime)
1238 1294 1288 1339 ad
1308 1310 1420 1356 prae-

81 1376 300 1422 cedentem
332 1376 577 1421 sententiam
604 1376 835 1434 reseratur,
873 1392 923 1420 an
960 1377 1011 1421 ad
1045 1376 1171 1421 verba
1206 1376 1422 1437 sequentia

80 1457 300 1518 pertineat.
370 1457 584 1502 Interdum
606 1457 693 1503 haec
714 1457 848 1518 figura
866 1457 1028 1517 incidit,
1065 1458 1201 1519 aliquo
1220 1457 1421 1503 vocabulo

81 1538 223 1599 plures
251 1538 505 1598 significatus
537 1537 743 1597 habente,
779 1544 825 1583 ut
852 1538 891 1582 in
919 1538 981 1583 his
1010 1539 1195 1585 versibus
1225 1538 1371 1585 Olavi:

282 1619 470 1665 Prudens
505 1618 612 1664 bene
651 1619 809 1664 fruatur
842 1626 1015 1665 venusta

281 1700 434 1746 amicus
470 1715 588 1744 meus
622 1716 753 1745 uxore
789 1716 862 1745 sua

285 1782 420 1841 (certe
456 1796 539 1826 non
575 1779 772 1825 sollicitus
809 1787 873 1826 est
907 1781 958 1826 de
994 1778 1155 1826 feminis

276 1861 461 1922 juvenis)
498 1868 539 1906 et
573 1861 751 1907 retineat
785 1862 869 1907 diu.

16 1944 17 1948 ’
84 1945 165 1992 Hic
200 1944 402 1989 incertum
437 1950 523 2001 est⁷
559 1950 698 1988 utrum
735 1944 813 1988 hoc
847 1943 1091 1989 vocabulum
1129 1951 1229 2004 εἰμι·
1262 1945 1316 1990 sit
1344 1945 1423 1990 ad-

85 2026 272 2071 verbium
301 2025 570 2086 improprium
597 2023 894 2084 (negativum),
931 2041 982 2070 an
1003 2026 1174 2071 verbum
1195 2026 1421 2087 proprium.

85 2107 250 2152 Eodem
286 2105 410 2151 modo
447 2121 556 2166 saepe
592 2105 632 2149 in
669 2106 916 2151 carminibus
952 2110 1195 2167 poetarum,
1233 2106 1424 2153 adhibitis

86 2296 121 2341 ²)
144 2296 240 2330 Puto
275 2297 342 2330 hos
374 2306 512 2330 versus
545 2297 587 2329 ab
616 2297 732 2329 Olavo
767 2295 991 2340 compositos
1025 2305 1108 2331 esse
1140 2300 1187 2332 αιὶ
1219 2300 1425 2343 ememplum

88 2359 220 2392 illius.-
245 2357 335 2401 Ajo,
364 2362 414 2400 te,
439 2358 598 2390 AEacida
625 2363 710 2401 etc„
735 2358 821 2391 vide
845 2364 920 2391 not.
946 2359 977 2391 1.
1001 2378 1045 2383 —
1070 2359 1105 2403 ³)
1131 2360 1208 2393 ”Fit
1231 2364 1263 2392 et
1289 2359 1423 2404 amphi-

88 2420 224 2462 bologia
248 2431 308 2464 pei·
332 2420 495 2452 incertam
522 2419 817 2461 distinctionem,
849 2419 941 2453 Isid.
969 2422 992 2454 l.
1018 2430 1048 2455 c.
1084 2440 1130 2446 -—
1177 2421 1213 2465 ⁴²)
1238 2419 1296 2455 sic
1319 2420 1423 2466 748,

28 2498 30 2508 ι
90 2481 185 2526 quod
231 2482 272 2514 ob
317 2486 474 2514 metrum
518 2481 578 2513 hic
614 2486 827 2524 susceptum
864 2486 942 2524 est,
991 2483 1057 2515 sed
1091 2491 1169 2516 voae
1203 2474 1423 2525 orbslaegjum

90 2542 257 2586 pertinet
291 2540 339 2575 ml
375 2551 527 2576 versum
564 2543 720 2587 aliquem
756 2540 1012 2586 deperditum5
1051 2553 1255 2595 vssyrgvm,
1293 2545 1344 2578 W.
1380 2562 1424 2569 -—

93 2602 125 2647 ⁵)
158 2604 252 2637 [sid.
279 2604 383 2648 Oriy.
410 2604 438 2636 l.
463 2602 543 2637 33.-
605 2604 684 2637 ”Fit
719 2608 752 2637 et
788 2615 846 2647 pei·
882 2605 1155 2648 homonymiam,
1192 2607 1322 2650 quando
1359 2615 1424 2639 uno

92 2665 226 2698 nomine
251 2665 358 2698 multa
383 2664 641 2707 significantur:
678 2668 714 2697 ut
739 2664 852 2707 acics,
878 2668 911 2698 et
934 2677 999 2698 non
1024 2667 1130 2699 addas
1157 2670 1214 2699 aut
1240 2665 1341 2708 ferri,
1368 2669 1425 2698 aut

94 2725 285 2768 oculorum,
310 2730 368 2759 aut
391 2724 570 2760 militum''.
595 2743 640 2751 —-
678 2727 793 2770 ⁶)..sic
818 2728 917 2770 7483
951 2728 1006 2771 af,
1036 2725 1089 2761 W.
1114 2746 1158 2752 —
1195 2727 1228 2770 ⁷)
1256 2726 1422 2767 naeitssict,

34 2775 35 2779 ¹
93 2786 330 2830 neqaeivum,
355 2787 446 2821 748.

1122 2922 1166 2953 ov
