1878 3309
92 241 123 283 1.
163 237 217 282 2.>
574 256 630 285 nr:
658 254 939 285 ΑιιηιΑιιΕἰῸ.
1361 232 1416 277 17

90 378 296 439 Equidem
323 392 554 423 sermonem
576 375 779 420 Danicum
808 377 904 420 satis
931 375 1037 420 benc
1066 376 1204 435 legere
1231 387 1417 434 possum,

93 460 170 505 etsi
205 460 330 504 literis
366 447 495 503 latinis
531 456 788 516 regularibus
825 456 1108 516 exprimatur3
1150 455 1274 500 nihilo
1311 454 1418 499 enim

93 541 226 585 minus
263 540 487 585 secundum
522 538 605 582 veri
641 537 945 582 similitudinem
981 537 1182 595 conjicere
1218 550 1417 596 possum,

92 637 177 682 quo
197 621 319 665 modo
340 620 462 665 verba
481 617 780 680 pronuntianda
800 618 896 674 sint,
925 619 1107 678 quamvis
1127 632 1268 662 omnes
1289 616 1419 660 literae

96 701 313 747 verborum
358 700 628 745 leoendorum
672 714 764 744 cum
806 704 919 742 recta
962 699 1294 758 pronuntiatione
1337 711 1417 741 non

93 788 342 843 congruant3
385 797 511 843 quare
547 797 628 826 non
664 795 786 839 curo,
821 793 849 843 ρ
886 785 1003 823 tuum
1039 779 1192 823 scribas
1221 795 1271 823 an
1300 793 1354 837 a,
1392 792 1419 840 β

92 879 142 908 an
174 878 222 921 e,
255 878 290 924 y
317 879 367 907 an
394 877 440 908 u.
511 863 586 908 Cui
623 878 700 922 ego
736 862 793 906 sic
827 860 1084 921 respondeo:
1121 859 1234 920 quod
1267 867 1312 904 tu
1348 876 1418 918 ea,

93 960 186 1007 quae
212 945 338 989 literae
365 943 542 989 obscure
569 949 814 1002 monstrent,
851 948 962 986 recte
992 942 1131 1001 legas,
1168 948 1238 985 aut
1266 957 1419 985 secun-

93 1025 191 1070 dum
212 1026 294 1070 veri
313 1025 616 1070 similitudinem
637 1024 808 1069 feliciter
826 1023 1057 1082 conjectes,
1086 1021 1127 1066 id
1146 1029 1227 1067 tuae
1247 1022 1419 1083 peritiae,

94 1122 175 1151 non
195 1107 474 1151 characterum
494 1106 629 1150 virtuti
649 1105 913 1150 tribuendum
942 1111 1027 1162 est,
1065 1110 1106 1148 at
1133 1103 1241 1148 enim
1267 1118 1421 1147 veren-

93 1187 189 1232 dum
219 1195 294 1247 est,
331 1188 364 1232 si
390 1187 529 1245 verba,
566 1203 647 1231 uno
678 1186 801 1231 modo
828 1186 992 1247 scripta,
1029 1200 1164 1246 neque
1195 1185 1423 1228 luculenter

93 1268 304 1329 distincta,
340 1268 525 1329 pluribus
560 1268 692 1312 modis
729 1284 853 1329 quam
887 1283 971 1312 uno
1006 1264 1147 1311 reduci
1184 1266 1234 1311 ad
1262 1272 1420 1310 rectum

94 1366 262 1395 sensum
316 1350 501 1411 possint,
565 1349 829 1410 faciendaque
882 1348 1118 1408 conjectura
1169 1348 1251 1405 sit,
1306 1347 1420 1405 cujus

96 1431 290 1476 saciendae
325 1439 366 1476 te
401 1432 577 1492 peritum
614 1446 704 1474 esse
741 1430 1002 1491 praedicasti,
1056 1445 1106 1474 ne
1147 1444 1281 1489 neque
1317 1443 1420 1487 ego,

97 1528 233 1574 neque
268 1513 347 1557 mei
385 1512 554 1569 similis,
597 1512 630 1555 si
667 1512 755 1556 talis
790 1511 1050 1569 inveniatur,
1093 1511 1202 1556 bene
1236 1510 1421 1568 legamus

97 1601 169 1639 aut
205 1593 428 1638 secundum
464 1594 546 1637 veri
582 1592 890 1637 similitudinem
926 1592 1202 1652 conjecturam
1237 1590 1420 1635 facimus.

28 1737 29 1744 ἵ
99 1676 257 1720 Verum
295 1675 522 1731 enimvero,
559 1674 590 1717 si
626 1674 687 1717 vel
723 1689 865 1717 omnes
892 1674 1068 1734 aliquam
1102 1678 1256 1716 rectam
1291 1672 1423 1715 facere

29 1746 30 1749 Ἴ
96 1756 374 1816 conjecturam
418 1761 618 1815 possent,
675 1754 901 1815 exspectari
944 1761 1082 1798 tamen
1119 1760 1229 1797 certe
1264 1759 1423 1812 potest,
1452 1742 1462 1750 ³

29 1855 31 1886 ῃ
97 1837 131 1881 si
165 1851 231 1881 res
266 1835 430 1895 majoris
466 1836 693 1896 momenti,
741 1836 780 1881 iu
816 1836 955 1897 primis
986 1835 1191 1895 juridica,
1246 1841 1423 1894 agatur,

97 1933 178 1962 non
208 1933 350 1962 omnes
378 1917 479 1961 velle
507 1915 679 1961 eandem
710 1917 954 1962 sententiam
981 1916 1031 1962 ad
1057 1915 1234 1961 eundem
1260 1931 1425 1960 sensum

99 1997 314 2043 reducere.
383 1999 530 2059 Neque
565 2004 606 2042 te
641 2014 736 2043 vero
764 1998 872 2043 bene
900 1997 1164 2059 respondisse
1196 1995 1356 2057 judico,
1393 1996 1424 2040 si

97 2079 137 2123 in
174 2086 313 2123 nostra
349 2079 484 2138 lingua
527 2078 588 2123 his
626 2095 771 2124 novem
808 2080 1015 2125 vocalibus
1058 2094 1161 2139 opus
1206 2093 1298 2123 esse
1343 2092 1424 2121 non

97 2167 248 2220 putas:
300 2174 352 2220 a,
389 2174 439 2223 ρ,
478 2175 524 2219 e,
564 2173 611 2222 fs,
650 2167 687 2219 i,
734 2175 784 2219 0,
830 2175 883 2211 a,
928 2175 986 2220 u,
1027 2175 1085 2220 y,
1129 2159 1357 2220 praesertim
1392 2159 1425 2203 si

99 2240 233 2285 divisis
260 2241 320 2285 his
348 2256 492 2286 novem
520 2242 732 2286 elementis
761 2242 926 2301 triginta
956 2257 1025 2286 sex
1055 2241 1211 2302 species
1232 2240 1423 2298 effecero,

35 2385 36 2388 Ἴ
100 2337 272 2383 quarum
291 2322 474 2382 singulae,
513 2329 653 2367 exacte
673 2322 887 2382 distinctae,
925 2338 1044 2368 suum
1063 2337 1238 2383 quaeque
1259 2337 1425 2366 sensum

35 2414 37 2440 ἰ
99 2401 286 2448 reddant.
374 2404 506 2462 Igitur
549 2404 636 2448 baec
681 2409 774 2447 octo
820 2404 1021 2448 elementa
1071 2402 1425 2464 (quandoquidem

36 2472 37 2475 ¹
101 2483 228 2528 literae
263 2491 281 2528 z·
314 2485 469 2529 nullum
506 2484 637 2530 adbuc
672 2483 890 2529 discrimen
934 2485 1084 2529 sactum
1129 2485 1213 2543 est)
1259 2482 1425 2528 diversis

101 2563 254 2609 vicibus
281 2565 438 2625 singula
465 2565 722 2626 interponam
749 2565 892 2610 iisdem
913 2565 1074 2611 duabus
1093 2563 1426 2619 consonantibus,

102 2651 150 2689 ut
182 2645 393 2705 proposito
429 2647 616 2707 exemplo
653 2654 910 2706 monstrem,
963 2662 1045 2708 quo
1079 2645 1204 2690 modo
1239 2644 1425 2704 singula,

74 2725 249 2769 *eodem
293 2741 375 2787 quo
421 2733 555 2772 cetera
598 2727 688 2772 loco
732 2728 895 2787 posita,
949 2725 1093 2771 iisdem
1141 2724 1426 2786 adjuvantibus

104 2805 253 2864 literis,
290 2822 407 2851 suum
438 2823 611 2868 quaeque
639 2824 803 2853 sensum
833 2808 1005 2853 saciant:
1048 2813 1171 2868 atque
1200 2807 1276 2851 hoc
1304 2804 1426 2850 modo

195 2895 238 2927 11.
1150 2897 1172 2928 2
