1832 3294
4 247 6 259 2
51 202 124 248 IV·
160 199 207 246 8·
532 221 722 255 FIGURAE
752 223 1013 257 onArioNJs.
1310 207 1408 256 209

49 339 297 385 satellitibus
308 340 422 400 regis
432 342 682 387 Ermenreki
702 346 930 404 oppugnati
950 345 1206 407 ceciderunt,
1227 363 1410 409 quorum

49 436 246 467 versuum
274 422 339 466 hic
366 437 474 466 unus
504 429 591 468 est:

312 502 466 546 Alacer
499 503 788 548 Ermenrekus
824 521 905 549 una
943 521 1037 550 cum

314 582 453 627 aulicis
490 583 695 642 sanguine
731 584 910 644 perfusis

316 663 522 707 insomnio
559 663 764 708 excitatus
802 672 867 709 est

311 743 352 787 in
387 743 570 788 tumultu
607 742 856 803 gladiorum.

311 824 533 868 Tumultus
570 824 726 869 exstitit
760 825 800 869 in
837 826 962 872 domo

310 904 539 951 Randveris
575 905 760 966 primarii
796 908 1007 966 parentis,

311 1001 442 1046 quum
479 1001 701 1031 corvorum
736 986 867 1031 instar
900 987 1010 1033 lividi
1046 989 1196 1034 fratres

311 1067 415 1127 Erpi
452 1066 622 1126 injurias
660 1067 838 1127 (illatas)
875 1068 1201 1115 ulciscebantur.

6 1074 14 1188 l
48 1145 266 1191 Interdum
294 1147 469 1192 Ecbasis
497 1148 558 1206 fit7
597 1163 728 1209 quum
753 1152 880 1209 poe'ta
899 1157 1192 1209 argumentum
1211 1167 1408 1196 versuum

7 1189 14 1267 'l

12 1281 94 1369 lut
135 1308 176 1352 in
219 1309 425 1353 Encomio
470 1309 664 1367 Nicolai⁷
711 1310 828 1369 cujus
876 1326 1020 1356 versus
1067 1311 1337 1357 intercalares
1385 1328 1408 1356 a

47 1227 356 1272 intercalarium
392 1228 560 1273 aliunde
598 1244 726 1289 quam
762 1228 814 1273 ab
852 1230 944 1291 ipso
980 1231 1171 1276 encomio
1208 1232 1407 1289 arcessit,

13 1375 16 1449 l
46 1388 239 1434 laudibus
276 1389 425 1434 divinae
463 1389 677 1434 Trinitatis
714 1396 960 1450 sumuntur,
997 1391 1114 1437 verbi
1150 1406 1305 1437 causa:

311 1470 472 1515 Omnes
506 1470 770 1530 Angelorum
806 1477 937 1516 coetus

311 1550 515 1595 unitatem
552 1551 593 1594 in
628 1551 812 1595 trinitate

311 1631 527 1676 colendam
565 1631 809 1691 declarant,
847 1631 1042 1677 invi-olata

314 1726 483 1772 semper
516 1710 640 1756 laude
675 1712 786 1771 regis
821 1711 1020 1757 universi.

18 1804 20 1830 3
50 1790 266 1837 Interdum
301 1791 476 1837 Ecbasis
505 1791 575 1851 fit,
614 1792 727 1853 quod
754 1795 880 1853 poeta
909 1808 960 1837 ex
984 1793 1071 1837 aliis
1097 1792 1405 1838 narrationibus

19 1873 21 1928 ζ
50 1871 243 1934 exempla
279 1873 406 1917 sumit
441 1872 494 1917 ad
529 1872 794 1917 illustrandas
829 1888 933 1931 res,
990 1888 1093 1933 quas
1130 1873 1301 1917 laudare
1337 1880 1409 1918 aut

50 1953 289 2014 vituperare
333 1952 446 1998 velit.
527 1953 595 1998 Sic
640 1961 683 1998 et
725 1953 765 1997 in
810 1953 960 1998 eodem
1007 1953 1190 1998 carmine
1233 1953 1408 1999 Nicolao

49 2034 258 2079 laudando
313 2034 549 2095 exemplum
604 2034 783 2079 sumitur
837 2049 887 2079 ex
931 2033 1057 2079 beato
1104 2034 1170 2078 illo
1215 2034 1408 2078 ,Iohanne

22 2103 263 2176 Baptista,
300 2122 349 2160 ut
382 2116 518 2160 honor
553 2114 644 2174 ejus
680 2120 909 2174 augeatur,
946 2120 995 2159 ut
1031 2114 1072 2158 in
1109 2114 1186 2159 hac
1214 2114 1407 2174 stropha:

315 2197 528 2241 Johannes
566 2211 717 2256 purum
752 2210 904 2255 regum

315 2276 547 2337 principem
583 2276 759 2336 supplex
795 2274 982 2320 adoravit

25 2488 28 2514 ᾗ
55 2483 174 2516 supra
199 2484 236 2516 p.
262 2473 393 2506 lya-5
423 2479 500 2505 not.
524 2473 563 2505 3.
589 2490 634 2495 —-
658 2471 834 2514 Leqenda
861 2471 905 2504 de
932 2481 972 2503 eo
999 2472 1157 2503 liabetur
1181 2472 1221 2503 in
1247 2471 1411 2503 historia

55 2534 305 2567 Lombardica
329 2534 397 2575 fol.
414 2535 507 2575 5-6,
535 2534 724 2575 impressa
746 2542 816 2575 per
837 2533 1011 2565 mandata
1030 2533 1187 2565 Antonii
1201 2532 1411 2573 Koburyer,

55 2594 311 2636 Nurenberyoe
333 2606 430 2627 αηηο
454 2595 593 2627 salutis
617 2593 715 2626 1481
740 2593 1013 2637 (paloeotypa).
1040 2612 1083 2616 -
1112 2593 1144 2634 ⁷)
1172 2603 1220 2624 ea:
1245 2592 1410 2624 encomio

56 2655 189 2688 Sancti
210 2656 358 2689 Nicoma·
381 2656 615 2698 (ιηιίᾳιιίθνε,
644 2660 683 2688 uc
706 2655 960 2697 semi-stropha
981 2654 1158 2697 proxime
1176 2652 1410 2684 anem-edens.

103 2846 149 2878 11.
1111 2843 1151 2875 14
