1832 3294
6 211 39 254 1.
78 208 122 254 7.
504 226 562 257 DE
603 225 898 257 Am‘nAnss'ro.
1300 203 1362 250 37

5 364 131 411 quam
167 349 296 393 ricem
332 353 500 408 praestet
536 347 715 392 duorum
752 362 779 393 c
815 354 886 392 aut
924 346 1107 391 duorum
1142 361 1189 406 3,
1226 362 1363 407 neque

6 431 224 491 periodum
262 436 333 474 aut
369 427 616 473 vocabulum
653 436 724 472 aut
755 428 953 489 syllabam
980 428 1163 489 incipiat.
1230 443 1268 489 y
1297 435 1362 472 est

5 513 123 556 litera
159 526 328 569 graeca,
365 511 404 554 in
434 525 516 570 quo
546 524 740 553 sermone
770 516 942 553 vocatur
970 517 1053 569 vi,
1090 510 1226 554 Latini
1263 525 1362 554 vero

6 610 98 638 eam
128 598 328 653 usurpant
356 607 431 651 pro
464 597 500 647 ί,
538 590 664 650 idque
695 596 857 634 tantum
886 591 927 634 in
954 591 1100 649 graecis
1131 590 1360 651 vocabulis,

7 676 40 720 si
67 682 177 720 recta
206 671 413 719 scribendi
439 671 544 715 ratio
575 670 856 729 observetur3
905 671 1016 715 unde
1053 687 1099 716 ea
1137 688 1220 716 non
1257 688 1361 732 opus

6 764 71 801 est
107 756 145 800 in
182 761 323 799 nostra
361 753 531 813 lingua,
585 753 662 796 nisi
700 753 733 795 si
770 752 861 813 quis
899 768 990 796 eam
1028 752 1228 797 adhibere
1266 754 1364 798 velit

7 853 82 898 pro
112 852 140 882 v
171 836 219 895 (i.
241 852 279 880 e.
300 835 381 895 u),
420 835 586 895 quando
615 849 709 877 cum
731 833 806 876 alia
829 834 956 877 i'ocali
977 834 1015 877 in
1037 834 1185 878 eadem
1206 834 1362 896 syllaba

7 918 287 978 conjungatur
322 924 364 961 et
398 933 474 977 pro
512 921 770 959 consonante
808 922 1067 975 usurpetur3
1123 932 1362 977 quanquam

8 1015 99 1044 eam
127 1000 166 1043 in
193 1014 414 1043 numerum
442 997 656 1041 literarum
685 996 872 1056 recipere
901 996 1185 1057 supersedeo,
1222 1014 1361 1059 neque

7 1081 118 1125 enim
155 1079 296 1139 video,
335 1095 408 1123 cur
435 1094 464 1124 v
497 1078 546 1136 (i.
577 1094 615 1122 e.
646 1077 701 1135 u)
738 1078 868 1137 magis
897 1094 1024 1139 quarn
1052 1079 1141 1123 aliae
1171 1080 1361 1139 vocales,

7 1161 174 1223 quando
220 1177 295 1221 pro
333 1167 588 1204 consonante
635 1166 878 1220 ponuntur,
931 1159 1182 1205 adminiculo
1219 1169 1359 1221 egeat.

6 1258 61 1301 z,
107 1242 217 1304 quod
255 1241 531 1302 compositum
568 1248 633 1286 est
668 1257 717 1285 ex
756 1241 874 1285 litera
910 1241 1104 1287 hebraica
1143 1240 1359 1304 Halala,

8 1340 102 1385 quae
131 1325 188 1368 sic
216 1323 424 1382 scribitur,
463 1336 510 1382 -ι,
550 1330 592 1367 et
619 1339 694 1383 pro
726 1322 761 1368 d
787 1324 970 1383 ponitur,
1008 1324 1108 1368 item
1136 1340 1186 1369 ex
1214 1325 1360 1383 altera,

8 1422 103 1468 quae
123 1401 268 1451 Sade
289 1412 460 1449 vocatur
480 1413 521 1449 et
541 1405 598 1448 sic
618 1404 833 1464 scribitur7
872 1418 923 1463 x,
962 1405 1001 1449 in
1023 1405 1147 1449 latino
1168 1421 1361 1451 sermone

10 1487 179 1548 ponitur
206 1502 280 1547 pro
310 1502 359 1544 33
404 1502 500 1530 nam
528 1487 696 1547 proprie
725 1487 844 1531 litera
880 1487 1073 1532 hebraica
1112 1494 1198 1546 est,
1236 1488 1361 1532 etiam

10 1569 50 1612 in
70 1569 195 1613 latino
216 1567 436 1628 alphabeto
457 1567 581 1612 etiam
600 1574 849 1628 usurpetur:
886 1584 996 1628 saepe
1023 1569 1134 1613 enim
1162 1569 1361 1614 vocabula

10 1650 178 1694 hebraea
206 1649 331 1693 latino
370 1649 552 1693 sermoni
589 1649 825 1693 intermixta
863 1657 973 1694 sunt.
1044 1651 1163 1694 Hanc
1198 1651 1361 1695 literam

11 1747 62 1776 ex
99 1737 242 1775 nostro
280 1746 473 1775 sermone
510 1737 553 1774 et
588 1731 810 1790 alphabeto
848 1731 1007 1775 excludi
1046 1731 1213 1791 placet3
1267 1747 1361 1776 nam

11 1813 130 1857 aliter
150 1813 316 1872 plures,
355 1828 478 1872 quam
499 1811 698 1856 adhibere
720 1812 957 1870 voluissem,
995 1812 1134 1856 literas
1155 1813 1194 1856 in
1215 1814 1361 1873 alpha-

11 1893 155 1938 betum
185 1893 405 1938 admittere
445 1893 693 1937 necessitate
733 1900 900 1937 coactus
937 1908 1062 1938 sum:
1106 1894 1214 1938 malo
1251 1895 1359 1939 enim

11 1975 152 2036 paucis
197 1975 272 2019 illis
316 1974 504 2033 vicibus7
558 1989 687 2035 quum
725 1974 879 2032 suerit,
934 1974 969 2020 d
1012 1982 1055 2020 et
1090 1990 1116 2020 ,ς’
1152 1976 1359 2031 seribere,

13 2055 216 2118 siquidem
251 2063 395 2101 nostro
430 2057 470 2100 in
507 2072 700 2101 sermone
730 2070 761 2101 z
790 2072 957 2116 semper
984 2057 1260 2117 compositum
1298 2065 1362 2102 est

13 2154 64 2183 ex
94 2138 128 2183 d
155 2144 197 2182 et
224 2152 270 2197 S,
307 2154 520 2198 nunquam
550 2154 597 2182 ex
628 2153 653 2183 s
682 2145 723 2182 et
752 2137 799 2182 d.
871 2152 898 2195 g
929 2138 1064 2198 potius
1093 2138 1249 2199 syllaba
1279 2147 1358 2197 est,

14 2236 138 2281 quam
172 2220 313 2278 litera,
350 2219 578 2279 conjunctis
615 2220 654 2263 in
689 2236 770 2264 una
808 2219 963 2281 syllaba
1000 2235 1025 2264 e
1062 2226 1105 2264 et
1142 2227 1161 2264 t
1195 2220 1233 2264 in
1264 2236 1361 2264 ser-

14 2316 138 2346 mone
164 2301 315 2359 latino,
352 2301 392 2344 in
419 2307 562 2345 nostro
591 2316 616 2345 e
637 2302 752 2360 eth,
791 2302 822 2345 si
843 2300 968 2345 modo
987 2301 1273 2361 usurpandum
1294 2301 1358 2346 sit.

16 2383 100 2429 Sed
134 2383 239 2426 hanc
273 2383 449 2441 figuram
476 2382 516 2426 in
543 2390 685 2427 nostra
711 2384 849 2442 lingua
878 2389 920 2427 et
947 2382 1169 2443 alphabeto
1194 2382 1361 2427 minime

16 2464 201 2508 adhiberi
230 2464 339 2521 volo7
377 2479 589 2525 nunquam
618 2464 728 2507 enim
755 2465 841 2508 liaec
869 2463 1025 2524 syllaba
1044 2464 1082 2507 in
1102 2470 1245 2508 nostro
1266 2479 1361 2507 ser-

20 2633 55 2676 ⁷)
82 2645 102 2665 a
128 2633 215 2676 [sic
241 2634 427 2676 dedimus,
462 2639 503 2666 ut
533 2634 783 2675 repuynancia
812 2633 954 2665 codicis
985 2633 1027 2664 W
1051 2634 1266 2674 tolleretur,
1303 2634 1362 2676 qui

19 2696 153 2727 scribit
178 2696 194 2726 d
223 2697 264 2727 ok
293 2706 333 2736 53
370 2695 536 2727 Raslcius
561 2705 631 2738 pro
658 2695 676 2725 d
704 2694 895 2728 substituit
920 2695 964 2737 ὃ,
992 2695 1058 2729 sed
1082 2695 1159 2732 ἤμεε
1185 2695 1297 2727 litera
1323 2695 1360 2725 in

19 2757 213 2798 alphabeto
239 2756 406 2790 auctoris
431 2766 505 2789 non
532 2755 737 2789 irat-enitar.
