1832 3294
36 232 109 277 111.
144 227 254 277 3—4·
355 247 719 281 FUNDAMENTUM
756 243 1103 279 GRAMMATlcEs.
1313 223 1374 271 75

35 372 194 431 lantur,
232 385 283 415 eo
318 368 430 431 quod
465 368 666 427 majorem
701 383 795 412 cum
823 367 1033 413 vocalibus
1062 365 1375 412 similitudinem

33 467 247 513 sonosque
293 449 673 511 significantiores,
719 465 844 510 quam
889 456 1039 493 ceterae
1074 453 1374 506 consonantes,

0 558 1 578 ;
34 533 213 578 liabent:
250 533 313 577 hae
333 527 503 593 suntR,
539 525 596 593 k,
632 525 693 592 Υ,
730 526 788 593 Γ,
825 524 893 593 {73
930 529 1080 590 quibus
1110 529 1238 575 literis
1265 544 1378 573 non-

34 614 133 658 nulli
167 611 522 658 adnumerandum
551 617 721 655 censent
748 626 773 656 S
801 611 841 655 in
868 610 1016 654 Latino
1044 610 1289 670 alphabeto,
1326 625 1377 654 eo

0 683 1 692 ¹
35 694 150 756 quod
185 710 333 739 sonum
369 708 490 738 suum
526 707 549 736 a
585 692 736 750 vocali,
773 698 820 736 ut
854 697 1004 735 ceterae
1041 691 1245 750 ejusmodi
1272 707 1379 736 con-

34 781 256 833 sonantes,
293 773 496 834 incipiata.
565 773 797 817 Priscianus
818 771 936 830 dicit,
973 771 1056 816 sive
1077 788 1228 816 nomen
1250 772 1379 817 literae

34 873 58 903 a
78 856 229 917 vocali,
267 856 350 901 sive
377 871 400 900 a
429 855 597 916 proprio
624 870 726 899 sono
753 853 939 914 incipiat,
977 853 1028 897 de
1055 859 1262 913 potestate
1289 852 1379 912 ejus

33 938 130 984 inde
157 936 342 983 concludi
369 952 450 980 non
477 950 625 996 posse,
663 934 1014 996 quemadmodum
1037 933 1213 994 judicari
1240 939 1380 994 potest

34 1036 86 1065 ex
105 1020 183 1064 hoc
201 1016 439 1079 alphabeto,
475 1017 699 1078 multisque
719 1017 830 1075 aliis,
867 1016 907 1060 in
935 1015 1086 1077 quibus
1115 1030 1260 1060 omnes
1290 1015 1380 1060 fere

36 1101 187 1159 literae,
224 1106 307 1144 tam
336 1099 522 1156 vocales,
560 1113 683 1158 quam
704 1103 1005 1156 consonantes,
1043 1112 1065 1141 a
1086 1113 1188 1141 sono
1208 1096 1379 1158 proprio

36 1181 258 1242 incipiunt,
296 1195 476 1241 suasque
503 1185 732 1239 potestates
760 1179 945 1240 perfecte
971 1179 1166 1223 retinent.
1235 1179 1282 1222 In
1303 1178 1381 1222 hoc

10 1298 11 1312 2
41 1261 310 1324 (alphabeto)
349 1268 445 1306 sunt
483 1261 666 1322 quinque
696 1261 851 1317 literae,
889 1275 990 1321 quas
1017 1274 1212 1304 vocamus
1240 1259 1382 1304 literas

35 1350 192 1402 mutas,
229 1343 372 1404 quales
410 1348 507 1387 sunt
538 1337 605 1405 *,
642 1338 700 1405 b,
737 1337 794 1405 ll,
829 1337 886 1406 sl,
924 1337 983 1404 Β,
1022 1357 1115 1402 quae
1144 1340 1274 1385 literae
1299 1355 1384 1384 non

36 1425 131 1471 ideo
173 1430 300 1469 mutae
348 1430 577 1481 vocantur,
624 1423 736 1484 quod
782 1424 871 1468 soni
916 1428 1106 1484 expertes
1152 1422 1262 1480 sint,
1309 1420 1385 1465 sed

39 1506 152 1568 quod
182 1506 379 1565 exiguum
407 1505 589 1550 habeant
616 1520 780 1563 sonum,
817 1505 976 1549 ratione
1005 1503 1206 1548 vocalium
1226 1503 1381 1562 habita,

13 1628 15 1653 ἒ
37 1585 391 1649 quemadmodum
410 1586 492 1646 vir,
528 1586 638 1631 hona
663 1586 811 1629 familia
832 1585 1054 1643 oriundus,
1092 1585 1162 1645 qui
1180 1585 1384 1629 minorem

38 1684 164 1730 quam
193 1668 316 1728 ampli
345 1667 507 1727 cognati
536 1667 598 1711 sui
628 1667 869 1726 dignitatem
906 1666 1082 1727 adeptus
1121 1666 1196 1725 sit,
1233 1665 1384 1709 nullius

40 1749 160 1811 pretii
196 1764 290 1793 esse
326 1748 599 1809 existimatur.

139 1860 185 1907 4.
255 1861 447 1906 Alterum
483 1860 612 1904 literae
648 1859 838 1905 accidens
875 1865 938 1904 est
973 1875 1157 1918 mcum,
1195 1874 1287 1920 quae
1321 1864 1386 1903 est

40 1944 173 1989 forma
209 1943 293 1988 sive
327 1943 541 1986 character
568 1942 806 2001 literarum,
843 1941 898 1985 ita
927 1955 1148 2000 expressa,
1185 1946 1232 1984 ut
1258 1939 1384 1985 modo

40 2025 239 2086 scriptum
256 2029 334 2069 est.
379 2023 567 2068 Tertium
587 2022 717 2068 literae
740 2022 928 2067 accidens
949 2028 1013 2066 est
1031 2036 1263 2080 POTESTAS,
1292 2036 1385 2083 quae

40 2112 106 2152 est
122 2106 211 2167 ipsa
230 2105 443 2150 literarum
461 2104 741 2164 pronuntiatio
762 2111 804 2148 et
822 2102 1064 2162 significatio
1087 2118 1098 2161 3
1135 2118 1216 2163 qua
1237 2101 1384 2147 eadem

40 2284 172 2308 manue
200 2272 264 2318 (J.
291 2273 333 2306 0.
361 2270 577 2316 Grunnav.)
606 2272 755 2305 literam
779 2283 802 2313 g
827 2271 1122 2316 superscripsit,
1150 2271 1388 2315 sequentibus

41 2346 154 2370 vero.-
179 2336 218 2376 d,
244 2335 289 2376 k,
315 2338 347 2374 t,
373 2335 413 2376 b3
439 2330 602 2380 'Vprave
623 2333 714 2366 748.
739 2352 778 2357 -
809 2334 842 2377 ⁹]
865 2332 1048 2373 mannam,
1074 2331 1166 2365 748.
1187 2350 1232 2356 -
1259 2330 1307 2375 ¹⁰)
1331 2342 1386 2365 um

41 2397 161 2430 tilfelli
186 2397 299 2436 stass,
334 2396 416 2429 add.
442 2395 532 2429 748.
581 2395 654 2428 Hic
679 2395 815 2429 iterum
840 2394 975 2439 incipit
1001 2395 1088 2426 757.

135 2468 174 2512 a)
199 2469 322 2502 Isidor.
351 2468 448 2510 Orig.
473 2468 550 2501 Lib.
576 2470 602 2501 Ι.
626 2478 696 2511 cap.
721 2469 766 2501 3:
806 2467 1061 2500 ”semivocales
1087 2466 1204 2506 dictae,
1237 2476 1276 2497 eo
1301 2465 1386 2509 quod

44 2531 202 2575 quiddam
227 2530 435 2563 semisonum
460 2531 500 2563 de
525 2530 701 2563 vocalibus
734 2530 902 2572 habeant3
939 2529 980 2562 ab
1008 2538 1026 2561 e
1050 2528 1168 2572 quippe
1192 2527 1303 2560 vocali
1328 2526 1387 2559 in-

44 2591 171 2634 cipiunt
191 2594 224 2624 et
245 2590 448 2624 desinuntin
463 2591 654 2624 naturalem
669 2601 808 2633 sonum,
835 2594 871 2624 ut
893 2590 930 2634 f,
958 2592 989 2634 l,
1015 2589 1084 2623 m.’'
1133 2589 1242 2622 Prisc.
1261 2589 1287 2621 1.
1306 2590 1341 2631 3,
1365 2589 1387 2620 8

45 2652 117 2685 haec
130 2663 169 2685 ex
182 2652 304 2685 servio
319 2652 454 2685 attulit:
480 2652 739 2685 ’'Semivocales
754 2655 834 2685 sunt
846 2656 985 2695 septem,
1010 2661 1079 2695 quae
1096 2650 1143 2682 ita
1157 2651 1390 2693 proferuntur,

45 2715 84 2746 ut
102 2713 262 2746 inchoent
281 2715 322 2747 ab
345 2724 364 2748 e
384 2714 502 2756 litera,
530 2717 561 2746 et
579 2714 739 2747 desinant
760 2715 792 2747 in
815 2713 1002 2747 naturalem
1024 2722 1162 2753 sonum,
1190 2714 1225 2744 ut
1249 2710 1304 2754 ef,
1332 2711 1387 2753 el,

48 2783 122 2817 em,
147 2784 212 2818 en,
240 2784 301 2819 er,
327 2775 388 2808 σθ’
413 2774 499 2817 (cfr.
520 2776 736 2819 Ramshorn,
762 2777 827 2810 lat.
851 2775 1014 2809 Granum.
1036 2785 1067 2818 p.
1092 2772 1143 2816 l).
