1832 3294
88 167 159 210 IV.
203 163 370 210 16-17.
567 185 758 218 mennae
786 186 1054 220 onArioms.
1344 171 1440 218 229

189 303 261 350 16.
350 305 687 351 ΑΝΤΑΝΑαΑειΞ
735 304 1127 368 (α’ντανάκλασις)
1165 317 1256 368 est,
1310 326 1439 372 quum

82 385 173 446 quis
210 384 313 430 duas
350 387 577 432 sententias
614 386 761 431 iisdem
798 387 935 433 verbis
983 391 1205 450 proponit,
1259 398 1306 437 ut
1342 392 1437 437 hic:

345 467 575 511 Excellenti
613 483 695 511 non
732 468 882 512 resisto

343 561 548 606 equorum
585 546 813 591 domitori:

342 627 516 685 insurgo
551 633 695 670 contra
731 627 877 671 favillae
913 629 1082 673 marinae

343 706 541 765 thallum,
585 706 736 750 astutia
772 712 933 751 notum.

341 785 387 831 Id
424 792 538 831 certe
574 786 798 846 polliceor,
836 802 903 831 me
939 793 1154 833 strenuam

342 867 382 911 in
418 866 565 926 proelio
602 882 774 926 operam
812 873 1092 913 navaturum:

340 946 525 1006 inprimis
562 946 784 1006 promitto,
822 963 889 991 me
926 948 1147 993 adversum
1185 955 1224 992 te

340 1042 464 1087 quam
502 1026 868 1072 vehementissime
904 1028 1075 1074 iturum.

12 1127 13 1134 ¹
75 1111 169 1155 Hoc
198 1109 289 1152 loco
318 1107 408 1151 haee
435 1107 569 1166 figura
592 1106 715 1152 bisin
735 1114 913 1168 utraque
933 1108 1210 1170 semistropha
1232 1109 1434 1168 repetitur

10 1191 11 1233 ἰ
76 1196 120 1234 et
149 1194 491 1248 repraesentatur.

180 1299 254 1345 17.
324 1300 648 1344 ANT1MAansls
683 1296 1035 1362 (dvcntdfficng)
1073 1300 1143 1359 fit,
1181 1315 1310 1361 quum
1339 1300 1430 1360 quis

10 1377 11 1387 ¹
74 1379 292 1441 (sensum)
329 1379 447 1440 quasi
484 1379 688 1423 convertit
723 1395 799 1439 per
827 1379 950 1424 verba
981 1380 1148 1425 obscuri
1176 1380 1429 1434 intellectus,

8 1461 11 1474 “
73 1468 120 1507 ut
155 1462 220 1506 hic
256 1461 456 1520 seriptum
492 1465 586 1504 est:

8 1531 10 1547 ‘
336 1541 472 1585 Malus
509 1546 640 1584 coetus
678 1540 936 1585 nebulonum

335 1636 484 1665 secure
520 1620 616 1665 vivit
650 1621 760 1680 gulae
797 1637 900 1680 ergo
921 1655 933 1679 7

334 1700 581 1745 christianus
619 1717 716 1745 vero
752 1701 884 1745 incola
921 1701 1056 1761 frigidi

334 1781 609 1840 monasterii,
658 1788 705 1825 ut
739 1782 819 1825 vita
856 1789 1062 1826 servetur.

71 1866 335 1910 NEBULoNEs
361 1868 575 1920 vocantur,
613 1862 684 1922 qui
703 1877 849 1906 omnes
875 1877 971 1906 suas
999 1861 1195 1922 pecunias
1215 1862 1427 1923 intempe-

70 1943 203 1988 rantia
238 1942 318 1987 eibi
353 1948 396 1986 et
431 1942 552 2002 potus
588 1948 873 2000 consumunt3
927 1943 1041 2003 quod
1085 1958 1239 1987 nomen
1274 1948 1429 2002 gerunt

72 2030 244 2085 propter
271 2022 509 2080 stultitiam3
547 2038 629 2066 non
651 2022 762 2066 enim
782 2023 921 2067 vident
938 2023 1073 2068 lucem
1094 2029 1221 2068 rectae
1239 2022 1426 2080 rationiS,

72 2104 142 2165 qui
162 2109 322 2148 tantum
342 2101 492 2146 edendi
512 2117 636 2146 causa
664 2103 820 2160 vivant,
858 2103 976 2162 quasi
997 2103 1038 2146 in
1057 2118 1229 2146 NEBULA
1249 2102 1426 2146 carceris

72 2183 269 2229 sedentes
300 2182 442 2243 (quasi
470 2181 509 2225 in
538 2181 766 2226 tenebroso
795 2197 962 2226 carcere
990 2182 1191 2241 inclusi):
1236 2182 1426 2226 homines

72 2279 173 2308 vero
201 2263 310 2307 bene
339 2262 488 2306 morati
515 2277 596 2305 non
625 2263 718 2322 plus
747 2262 907 2319 edunt,
945 2277 1071 2322 quam
1101 2277 1152 2306 ne
1178 2262 1315 2306 vivere
1345 2260 1427 2305 de-

73 2343 220 2388 sinant.
293 2344 399 2396 Quae
438 2341 570 2399 figura
599 2356 801 2401 perquam
830 2341 975 2385 vitiosa
1004 2341 1278 2386 existimatur.

71 2476 262 2517 verborum,
278 2485 350 2518 quae
363 2476 480 2506 ordine
495 2478 624 2506 mutato
640 2475 846 2507 eontrarium
864 2476 1136 2508 efficitsensum:
1162 2475 1243 2507 Non
1258 2479 1300 2507 ut
1312 2475 1427 2515 edam,

72 2534 181 2576 vivo,
208 2533 275 2566 sed
295 2537 335 2564 ut
356 2533 500 2574 vivam,
529 2533 639 2574 edo'⁷,·
667 2534 761 2576 quod
776 2535 984 2575 eoeemplum
997 2532 1237 2576 sequentibus
1251 2531 1428 2564 versibus

74 2590 242 2633 exprimi
263 2590 427 2623 videtur.
453 2607 497 2613 --
524 2582 796 2632 οἷίτιμετσῖβολην
817 2590 906 2621 ῑηῐοι·
927 2589 1106 2621 schemata
1127 2589 1281 2627 διανοίας
1302 2587 1430 2627 adfert

75 2647 280 2680 charisius
305 2647 406 2688 apud
426 2646 579 2678 Puesclz.
602 2646 776 2677 col.254.
803 2665 847 2670 —
877 2646 909 2686 ὃ)
937 2646 977 2677 in
1001 2647 1046 2678 W
1062 2645 1246 2687 scriptum
1267 2643 1370 2675 kallz.
1386 2660 1429 2665 —

71 2703 106 2745 ⁴)
120 2704 210 2735 Haec
223 2714 244 2734 a
259 2703 349 2745 [om.
364 2704 419 2744 1153
433 2726 441 2742 ‚
467 2708 506 2734 at
520 2702 670 2734 exhibet
683 2713 809 2734 eorum
823 2704 902 2735 loco
913 2715 923 2735 .·
950 2702 1050 2748 betta
1064 2701 1114 2743 [i.
1131 2712 1160 2734 e.
1175 2698 1427 2733 denominatio

73 2760 300 2802 Pokumenm
327 2760 398 2800 cfr.
421 2760 450 2791 1.
474 2759 622 2801 531-2,
649 2759 846 2802 558-60)
871 2759 989 2802 hoyi-ir
1008 2759 1046 2791 til
1069 2769 1189 2791 manna
1207 2755 1426 2796 kenningum.
