1832 3294
75 216 151 261 ΙΙΙ.
194 214 267 261 16.
560 236 749 270 Flo-unffi:
779 238 1039 274 onArioxis.
1343 224 1429 272 161

71 355 178 400 ratio
207 360 271 400 est
300 354 709 411 denominationum,
748 376 849 419 quas
878 362 917 404 in
947 362 1062 421 poe‘si
1094 362 1288 408 vocamus
1325 381 1432 409 PER-

0 428 1 490 }
73 451 285 494 sommus,
324 437 490 497 quando
520 438 580 481 vir
607 440 843 498 appellatur
881 442 1116 487 nominibus
1145 444 1352 504 Asarum,
1390 454 1433 491 et

72 514 126 559 ab
163 516 286 560 armis
325 524 396 561 aut
433 517 603 562 navibus
642 518 965 579 denominatur3
1012 530 1083 568 aut
1119 540 1247 584 quum
1285 525 1430 586 aliquis

71 595 256 640 Asarum
292 597 462 642 alterius
498 598 665 642 nomine
703 601 970 660 appellatur,
1017 610 1059 647 et
1095 603 1147 648 ab
1183 620 1230 648 re
1266 606 1429 666 aliqua,

71 691 198 736 quam
224 677 313 738 ipse
342 677 569 738 possideat,
608 678 917 740 denominatum
955 689 1002 727 ut
1018 684 1231 744 Eyvindus
1259 686 1429 731 cecinit:

469 759 663 804 Onerum
700 761 851 821 Tyris,

469 840 549 883 vita
586 840 798 900 privarunt

466 927 589 965 terrae
624 927 812 965 rectores

468 1002 636 1060 Ogloae.

71 1081 169 1136 Quo
190 1080 282 1125 loeo
303 1080 416 1126 Odin
435 1082 670 1142 appellatur
695 1098 871 1128 oNI-:RUM
892 1085 1001 1129 TYR.
1074 1086 1142 1131 Sic
1169 1092 1211 1130 et
1237 1086 1427 1147 gigantes

70 1168 114 1206 et
149 1161 243 1205 nani
281 1162 542 1222 appellantur
586 1163 774 1208 homines
823 1171 894 1209 aut
937 1180 1061 1225 reges
1107 1167 1311 1211 montium
1357 1175 1428 1212 aut

70 1257 293 1301 saxorum,
332 1242 687 1303 quemadmodum
725 1244 1062 1291 Skraut-Oddus
1099 1248 1277 1292 cecinit:

267 1324 363 1369 Non
401 1330 466 1368 est
501 1324 614 1384 quod
650 1325 804 1369 malum
842 1326 1003 1371 celetur
1038 1326 1154 1372 divus

268 1403 419 1449 Thoris
454 1405 641 1449 montani
662 1439 672 1449 .
712 1405 882 1451 naribus
919 1407 1086 1452 nostris.

67 1484 172 1530 Haec
199 1483 381 1543 (figura)
413 1484 468 1529 ita
497 1485 745 1546 plerumque
775 1486 814 1530 in
845 1487 961 1546 poesi
989 1487 1318 1547 septemtrionali
1346 1487 1427 1532 ad-

68 1563 259 1623 bibitur,
302 1571 350 1609 ut
384 1581 451 1610 res
490 1566 698 1610 translatae
734 1565 786 1611 ab
823 1565 1028 1627 aliquibus
1065 1568 1193 1612 rebus
1230 1567 1429 1612 acciden-

67 1643 181 1690 tibus
228 1644 566 1690 denominentur.
647 1644 731 1691 Sed
776 1647 995 1707 utriusque
1039 1655 1178 1692 tamen
1222 1648 1430 1692 invenitur

0 1779 3 1791 Ι,
69 1726 326 1786 exemplum,
364 1732 411 1770 ut
435 1741 565 1787 quum
584 1741 657 1771 rex
678 1727 913 1787 appellatur
930 1727 1117 1786 Yngvius
1144 1734 1215 1771 aut
1235 1727 1429 1785 Thengil⁷

2 1859 3 1871 ἢ
70 1812 144 1851 aut
161 1805 312 1851 talibus
332 1806 595 1865 nominibus⁷
632 1814 807 1868 propter
826 1807 1056 1868 priscorum
1076 1823 1224 1867 regum
1245 1806 1430 1851 celebri-

1 1938 5 1954 :
69 1893 214 1933 tatem.
262 1889 308 1932 In
328 1888 455 1932 latino
476 1895 618 1932 autem
636 1903 830 1933 sermone
842 1889 1091 1948 Metaphora
1111 1889 1168 1933 sic
1183 1889 1430 1948 plerumque

69 1975 314 2029 usurpatur,
336 1975 382 2013 ut
400 1984 469 2013 res
490 1970 700 2014 translatae
720 1968 1126 2014 denominationibus
1147 1984 1229 2013 non
1247 1968 1430 2012 circum-

73 2048 324 2108 scribantur,
352 2065 592 2111 quanquam
611 2050 833 2111 utriusque
852 2050 1020 2095 rationis
1041 2049 1282 2110 exemplum
1300 2062 1431 2108 repe-

72 2130 204 2190 ritur,
242 2135 288 2174 ut
315 2130 372 2174 ait
399 2129 599 2176 Ovidius:

275 2211 429 2271 Tiphys
467 2217 510 2255 et
543 2210 817 2256 Automedon
854 2211 968 2256 dicar
1003 2211 1156 2256 amoris
1193 2226 1289 2269 ego.

78 2290 157 2337 Ubi
192 2291 384 2350 intelligit
419 2291 608 2350 aurigam
644 2297 716 2335 aut
751 2290 1082 2350 gubernatorem
1129 2291 1297 2334 amoris.
1368 2290 1434 2335 ΑΒ

75 2388 252 2416 ANIMALI
288 2388 341 2415 An
378 2387 614 2415 INANIMALE
641 2371 889 2430 Metaphora
926 2371 996 2428 fit,
1033 2376 1081 2415 ut
1115 2386 1245 2430 quum
1274 2369 1433 2428 (navis)

76 2453 312 2513 appellatur
346 2468 480 2513 equus
518 2458 589 2495 aut
625 2451 775 2495 animal
812 2451 937 2495 maris
975 2456 1046 2494 aut
1077 2456 1435 2494 armamentorum

77 2533 316 2593 navalium,
363 2539 434 2577 aut
477 2532 517 2577 id
553 2547 688 2591 genus
725 2531 833 2589 alia,
880 2529 1235 2591 quemadmodum
1269 2531 1435 2575 Marcus

79 2612 256 2657 cecinit:

276 2694 410 2738 Ursus
448 2692 584 2753 pelagi
619 2689 877 2752 procedebat
913 2690 952 2734 in
989 2690 1179 2752 antiquas

277 2773 440 2818 navium
477 2788 636 2818 oceano
673 2778 863 2832 aptarum
899 2771 1085 2817 semitas.

127 2861 174 2895 11.
1113 2858 1150 2890 ΙΙ
