1878 3309
537 252 596 284 DE
636 252 927 284 ALPHABE'H).
1394 233 1424 278 9

76 373 324 420 variationes
360 372 511 432 habet,
546 379 594 418 ut
628 389 732 418 sono
761 374 1053 434 circumflexo,
1091 381 1214 421 acuto
1243 381 1286 420 et
1311 375 1424 435 gravi

77 455 279 517 (quaeque
323 455 514 514 variatio)
560 454 731 514 intelligi
776 456 936 515 possit:
999 472 1050 502 eo
1096 457 1299 516 consilio,
1344 463 1422 514 ut,

76 539 238 582 servata
273 536 460 597 ejusdem
495 535 694 595 temporis
731 537 960 597 quantitate
997 538 1036 583 in
1065 545 1246 599 utroque
1275 537 1424 599 alpha-

75 617 210 679 beto,
264 620 433 680 poetae,
486 617 660 661 inventae
713 632 848 677 nuper
901 619 1208 680 orthographiae
1254 618 1425 664 ductum

77 699 239 759 secuti,
292 713 437 745 versus
488 713 538 743 eo
589 697 856 743 rotundiores
908 695 1045 744 sacer‘e
1090 707 1292 761 possent,
1346 717 1425 746 nev

75 782 228 826 sormas
258 780 444 826 insolitas
471 795 494 825 a
521 778 732 824 veteribus
760 780 894 840 poetis
923 780 1128 827 adhibitas
1156 788 1424 843 usurparent,

75 863 207 908 multo
242 862 379 908 minus
417 862 570 906 formas
607 859 870 922 deteriores,
917 877 1043 924 quam
1084 869 1206 908 antea
1251 864 1426 908 inventae

76 944 179 1004 sint,
217 943 544 990 introducerent.
613 944 722 989 Nam
756 943 856 1003 illis,
892 943 962 1005 qui
996 944 1108 989 nulla
1143 959 1237 1006 quae
1263 960 1425 1006 seque-

74 1031 220 1070 rentur
254 1025 444 1086 exempla
481 1023 742 1083 habuerunt,
779 1023 983 1070 difficilior
1010 1024 1086 1070 suit
1112 1025 1315 1071 sermonis
1344 1024 1426 1070 ad-

75 1105 369 1166 commodatio,
406 1121 531 1168 quam
559 1111 713 1150 nostrae
739 1106 871 1151 aetatis
899 1106 1155 1164 hominibus,
1193 1107 1264 1167 qui
1290 1106 1424 1152 varios

73 1187 231 1233 habent
280 1186 408 1233 libros
455 1187 507 1233 ad
551 1186 831 1247 cognitionem
873 1187 1013 1233 utiles·
1101 1189 1302 1235 Ceterum
1342 1204 1424 1234 non

10 1273 11 1310 ἰ
74 1268 222 1314 nullius
257 1275 323 1315 est
363 1269 584 1328 utilitatis,
632 1283 704 1314 eos
751 1269 937 1327 (veteres
973 1270 1142 1330 poetas)
1190 1270 1341 1315 imitari
1386 1270 1425 1314 in

9 1351 12 1368 ¹
74 1350 301 1396 formandis
328 1350 673 1412 appellationibus
694 1355 736 1395 et
754 1349 1185 1410 denominationibus,
1223 1367 1316 1413 quae
1341 1367 1424 1395 non

8 1460 9 1471 κ
75 1432 242 1492 longius
278 1438 375 1478 sunt
407 1431 682 1493 repetendae,
721 1447 846 1493 quam
881 1432 1041 1477 Snorrii
1077 1438 1283 1493 praecepta
1320 1448 1425 1493 per-

43 1548 48 1553 .
76 1514 260 1559 mittunt.
329 1513 530 1575 Quisquis
566 1512 690 1558 hodie
725 1513 840 1559 novis
867 1519 1099 1558 metrorum
1127 1513 1423 1559 variationibus

77 1610 247 1656 operam
293 1595 393 1640 dare
438 1594 564 1654 velit,
619 1594 652 1639 is
698 1609 824 1655 quam
866 1593 1182 1655 diligentissime
1228 1593 1427 1641 adtendat

76 1676 260 1721 animum
303 1675 355 1721 ad
401 1675 645 1720 elocutionis
689 1682 982 1736 venustatem,
1027 1692 1111 1722 non
1155 1675 1208 1721 ad
1252 1676 1427 1721 faciendi

76 1757 349 1803 celeritatem.
392 1758 500 1802 Nam
518 1755 776 1818 procedente
795 1764 987 1818 tempore
1006 1764 1197 1819 quaerent
1212 1757 1424 1803 homines:

77 1838 168 1899 quis
205 1839 282 1883 ista
316 1837 594 1899 composuit?
629 1853 714 1883 non
749 1845 919 1898 autem,
955 1839 1154 1901 quamdiu
1190 1838 1305 1900 operi
1341 1839 1426 1883 im-

76 1925 262 1964 moratus
296 1919 436 1965 suerit.
514 1920 570 1965 Et
608 1919 678 1981 qui
713 1920 837 1965 hodie
873 1936 976 1966 nova
1014 1921 1053 1966 in
1088 1921 1206 1982 poe'si
1242 1919 1426 1964 invenire

78 1999 270 2065 stu-dent,
308 2016 484 2046 acumen
518 2001 669 2046 mentis
705 2000 889 2062 subtile,
927 2008 1095 2047 acutum
1132 2008 1174 2047 et
1208 2001 1425 2063 perspicax

0 2100 1 2131 l
77 2081 291 2142 habeant,
336 2088 384 2128 ut
438 2097 532 2145 quae
584 2082 701 2128 vobis
751 2083 812 2129 his
854 2083 1160 2130 narrationibus
1199 2083 1284 2144 jam
1331 2089 1427 2127 sunt

79 2162 391 2225 demonstrata,
436 2162 691 2225 pervideant.
