1832 3294
72 222 147 267 111.
182 218 292 266 8-9.
369 234 728 268 FUNDAMENTUM
768 232 1114 266 GRAMMA'ricEs.
1348 210 1412 259 89

72 366 243 407 auctore
276 358 517 416 Prisciano,
566 362 637 401 aut
680 355 807 401 habet
849 361 1064 400 accentum
1099 359 1298 412 acutum,
1343 358 1415 398 aut

71 457 272 503 gravem,
325 446 398 484 aut
439 436 764 483 circumflexum.
863 437 1002 482 Acuto
1046 442 1217 480 accentu
1260 433 1417 495 gaudet

72 523 256 584 syllaba,
302 520 353 566 ab
391 519 542 579 exiguo
579 533 682 562 sono
718 533 811 562 orsa
847 524 889 562 et
923 518 964 561 in
1001 532 1150 561 sonum
1186 516 1416 561 acutiorem

2 630 4 635 =
73 603 298 662 desinens,
352 607 399 646 ut
432 601 496 644 hae
532 597 730 659 syllabae:
784 612 882 644 var
919 597 1088 656 (erat),
1135 597 1244 658 Ῐόαν
1280 597 1415 656 (ibi);

74 684 145 746 qui
180 689 374 729 accentus
416 681 474 726 sic
507 686 677 730 notatur
713 676 810 739 (’).
896 679 1020 724 Gravi
1056 685 1229 724 accentu
1262 678 1417 739 gaudet

4 800 5 804 η
73 764 253 826 syllaba,
290 778 383 825 quae
412 762 463 808 ab
491 761 641 821 exiguo
671 775 774 805 sono
801 759 1000 820 incipiens
1033 760 1073 804 in
1103 759 1416 804 submissiorem

72 861 222 892 sonum
266 844 448 904 desinit,
499 849 547 888 ut
586 842 748 902 priores
784 841 954 901 syllabae
988 841 1137 885 horum
1172 841 1416 885 nominum:

73 924 210 973 Ιιάνα
247 925 491 986 (crinium),
528 925 659 970 scira
690 921 987 982 (vulnerum);
1033 922 1102 983 qui
1131 927 1324 966 accentus
1360 921 1418 966 sic

74 1013 243 1054 notatur
278 1004 322 1066 (x
347 1007 383 1066 ).
462 1006 696 1051 Accentum
732 1003 1040 1049 circumflexum
1074 1003 1202 1048 habet
1236 1002 1417 1064 syllaba,

74 1104 168 1151 quae
195 1088 246 1133 ab
275 1088 424 1148 exiguo
462 1102 563 1132 sono
591 1085 786 1146 incipiens
823 1085 864 1129 in
898 1100 1045 1129 sonum
1080 1084 1307 1129 acutiorem
1336 1082 1417 1128 ad-

74 1169 261 1229 tollitur,
298 1176 341 1214 et
374 1175 588 1230 postremo
625 1168 665 1211 in
702 1182 851 1212 sonum
888 1166 1150 1211 humiliorem
1185 1164 1417 1224 descendit,

27 1244 30 1265 ³
74 1256 121 1296 ut
146 1251 209 1295 hae
241 1250 433 1312 syllabae:
472 1252 564 1296 drs
595 1248 760 1308 (anni),
798 1250 918 1294 θάνε
949 1247 1198 1306 (vulneris);
1244 1246 1315 1308 qui
1343 1261 1419 1290 ac-

29 1354 31 1390 3
75 1337 220 1377 centus
250 1331 307 1376 sic
332 1338 501 1377 notatur
525 1331 620 1390 (Λ).
689 1330 899 1375 Accentus
928 1329 1131 1389 significat
1157 1328 1417 1373 altitudinem

29 1434 31 1462 ς
74 1413 184 1459 vocis
219 1412 389 1457 literalis
428 1411 712 1473 (syllabicae),
759 1411 924 1472 spiritus
968 1425 1067 1455 vero
1103 1409 1417 1454 crassitudinem

29 1502 31 1506 '
76 1494 200 1554 ejus,
255 1493 606 1554 quemadmodum
651 1492 767 1537 facile
811 1491 983 1551 intelligi
1027 1491 1153 1550 licet,
1209 1505 1419 1551 quamque

29 1557 32 1648 ζ
76 1575 274 1633 literam,
327 1575 550 1620 accedente
589 1573 897 1634 adspiratione,
950 1588 1023 1617 ore
1059 1571 1281 1632 patentiori
1315 1587 1420 1631 pro-

30 1667 32 1702 ῑ
76 1656 343 1700 nuntiandam
381 1670 488 1700 esse.
568 1654 773 1699 Accidens
808 1654 1007 1714 temporis
1044 1652 1247 1712 significat
1280 1652 1419 1711 longi-

28 1727 29 1733 ¹
77 1736 264 1782 tudinem
301 1736 408 1781 vocis
445 1736 682 1797 syllabicae,
727 1741 774 1780 ut
809 1742 931 1779 antea
966 1734 1121 1779 dictum
1157 1740 1221 1778 est
1256 1730 1309 1795 (ἕ
1346 1732 1417 1791 2).

34 1807 35 1811 ¹
78 1818 185 1873 Quae
213 1817 492 1862 distinctiones
524 1832 676 1878 quum,
712 1822 760 1860 ut
777 1815 939 1876 plurimi
959 1816 1147 1861 homines
1168 1814 1418 1873 existimant,

32 1942 33 1945 ,
76 1913 225 1960 parum
266 1883 465 1943 momenti
510 1897 692 1943 habeant
736 1897 788 1942 ad
828 1898 973 1958 poesin
1010 1895 1419 1958 septemtrionalem,

27 1968 33 2016 s
77 1979 195 2040 plura
230 1978 281 2024 de
317 1979 394 2024 hac
427 1994 474 2048 re
514 1978 718 2023 disserere
754 1979 793 2022 in
828 1978 1023 2039 praesenti
1058 1975 1331 2039 supersedeo.

177 2090 223 2137 9.
288 2093 560 2137 VOCABULUM
579 2098 643 2136 est
659 2091 824 2136 minima
843 2107 936 2152 pars
956 2090 1181 2135 constructi
1200 2088 1419 2148 sermonis,

28 2189 35 2214 »i
79 2172 394 2234 appellaturque
413 2188 507 2233 pars
524 2188 605 2217 una
618 2173 831 2230 orationis,
852 2173 1078 2233 perfectam
1093 2171 1420 2216 enuntiationem

35 2289 37 2317 l
79 2254 340 2299 continentis.
402 2252 528 2309 Quod
547 2253 794 2298 vocabulum
814 2255 896 2298 sive
915 2269 1009 2314 pars
1031 2254 1153 2312 vulgo
1173 2253 1254 2297 late
1274 2252 1423 2297 dicitur

79 2333 267 2380 verbum.
337 2334 584 2379 Aristoteles
616 2334 683 2379 ille
710 2334 871 2395 sapiens
902 2335 987 2394 ait,
1028 2334 1130 2378 duas
1161 2348 1253 2378 esse
1281 2338 1421 2393 partes

81 2415 291 2475 orationis,
328 2432 477 2460 NOMEN
504 2421 546 2460 et
572 2432 767 2475 VERBUM,
805 2415 958 2477 quippe
987 2430 1079 2476 quae
1107 2415 1216 2458 inter
1242 2429 1287 2458 se
1316 2429 1422 2458 con-

36 2567 37 2626 ἶ
82 2582 162 2625 lutr,
188 2584 279 2616 757.
303 2602 349 2608 —-
377 2582 425 2626 12)
446 2583 582 2616 ''Dictio
604 2585 658 2617 cst
678 2594 758 2627 pars
780 2583 920 2617 minima
933 2582 1101 2616 orationis
1115 2585 1329 2624 constructae,
1355 2581 1377 2614 i.
1392 2592 1422 2614 e.

81 2642 116 2676 in
137 2645 255 2677 ordine
275 2644 479 2688 compositae.
527 2646 615 2678 Pars
637 2649 759 2688 autem,
785 2648 944 2689 quantum
968 2645 1010 2677 ad
1032 2647 1138 2676 totum
1156 2643 1422 2685 intelligendum,

23 2710 27 2714 “
81 2702 106 2737 ἰ.
127 2715 156 2738 e.
178 2706 221 2738 ad
240 2706 345 2740 totius
365 2716 488 2740 sensus
510 2706 757 2740 intellectum'’.
803 2706 930 2740 Prisc.
954 2706 1040 2739 libr.
1058 2706 1109 2738 11.
1135 2705 1229 2738 573.
1253 2724 1296 2728 —
1326 2702 1376 2746 ¹³)
1400 2714 1422 2736 a

83 2764 182 2808 [om.
207 2767 298 2800 757.
322 2786 367 2792 -
396 2767 446 2811 ¹4)
471 2778 540 2801 om.
565 2768 654 2802 757.
