<?xml version="1.0" encoding="UTF-8"?>
<!DOCTYPE html PUBLIC "-//W3C//DTD XHTML 1.0 Transitional//EN"
    "http://www.w3.org/TR/xhtml1/DTD/xhtml1-transitional.dtd">
<html xmlns="http://www.w3.org/1999/xhtml" xml:lang="en" lang="en">
 <head>
  <title>
</title>
<meta http-equiv="Content-Type" content="text/html;charset=utf-8" />
  <meta name='ocr-system' content='tesseract 3.04.00' />
  <meta name='ocr-capabilities' content='ocr_page ocr_carea ocr_par ocr_line ocrx_word'/>
</head>
<body>
  <div class='ocr_page' id='page_1' title='image "./eddasnorrasturlu02hafnuoft_0079.png"; bbox 0 0 1832 3294; ppageno 0'>
   <div class='ocr_carea' id='block_1_1' title="bbox 0 0 49 3294">
    <p class='ocr_par' dir='ltr' id='par_1_1' title="bbox 0 0 49 3294">
     <span class='ocr_line' id='line_1_1' title="bbox 0 0 20 473; baseline 0 -253"><span class='ocrx_word' id='word_1_1' title='bbox 0 0 20 473; x_wconf 95' lang='lat' dir='ltr'>    </span> 
     </span>
     <span class='ocr_line' id='line_1_2' title="bbox 0 473 22 716; baseline 0 -84"><span class='ocrx_word' id='word_1_2' title='bbox 0 473 22 716; x_wconf 95' lang='lat' dir='ltr'>   </span> 
     </span>
     <span class='ocr_line' id='line_1_3' title="bbox 0 716 23 797; baseline 0 2497"><span class='ocrx_word' id='word_1_3' title='bbox 0 716 23 797; x_wconf 95' lang='lat' dir='ltr'> </span> 
     </span>
     <span class='ocr_line' id='line_1_4' title="bbox 0 797 24 884; baseline 0 2410"><span class='ocrx_word' id='word_1_4' title='bbox 0 797 24 884; x_wconf 95' lang='lat' dir='ltr'> </span> 
     </span>
     <span class='ocr_line' id='line_1_5' title="bbox 0 884 25 960; baseline 0 2334"><span class='ocrx_word' id='word_1_5' title='bbox 0 884 25 960; x_wconf 95' lang='lat' dir='ltr'> </span> 
     </span>
     <span class='ocr_line' id='line_1_6' title="bbox 0 960 25 1048; baseline 0 2246"><span class='ocrx_word' id='word_1_6' title='bbox 0 960 25 1048; x_wconf 95' lang='lat' dir='ltr'> </span> 
     </span>
     <span class='ocr_line' id='line_1_7' title="bbox 0 1048 35 1123; baseline 0 2171"><span class='ocrx_word' id='word_1_7' title='bbox 0 1048 35 1123; x_wconf 95' lang='lat' dir='ltr'> </span> 
     </span>
     <span class='ocr_line' id='line_1_8' title="bbox 0 1123 35 1199; baseline 0 2095"><span class='ocrx_word' id='word_1_8' title='bbox 0 1123 35 1199; x_wconf 95' lang='lat' dir='ltr'> </span> 
     </span>
     <span class='ocr_line' id='line_1_9' title="bbox 0 1199 35 1286; baseline 0 2008"><span class='ocrx_word' id='word_1_9' title='bbox 0 1199 35 1286; x_wconf 95' lang='lat' dir='ltr'> </span> 
     </span>
     <span class='ocr_line' id='line_1_10' title="bbox 0 1286 35 1364; baseline 0 1930"><span class='ocrx_word' id='word_1_10' title='bbox 0 1286 35 1364; x_wconf 95' lang='lat' dir='ltr'> </span> 
     </span>
     <span class='ocr_line' id='line_1_11' title="bbox 0 1364 35 1525; baseline 0 -99"><span class='ocrx_word' id='word_1_11' title='bbox 0 1364 35 1525; x_wconf 95' lang='lat' dir='ltr'>  </span> 
     </span>
     <span class='ocr_line' id='line_1_12' title="bbox 0 1525 35 1688; baseline 0 0"><span class='ocrx_word' id='word_1_12' title='bbox 0 1525 35 1688; x_wconf 95' lang='lat' dir='ltr'>  </span> 
     </span>
     <span class='ocr_line' id='line_1_13' title="bbox 0 1688 35 1772; baseline 0 1522"><span class='ocrx_word' id='word_1_13' title='bbox 0 1688 35 1772; x_wconf 95' lang='lat' dir='ltr'> </span> 
     </span>
     <span class='ocr_line' id='line_1_14' title="bbox 0 1772 35 1851; baseline 0 1443"><span class='ocrx_word' id='word_1_14' title='bbox 0 1772 35 1851; x_wconf 95' lang='lat' dir='ltr'> </span> 
     </span>
     <span class='ocr_line' id='line_1_15' title="bbox 0 1851 35 1939; baseline 0 1355"><span class='ocrx_word' id='word_1_15' title='bbox 0 1851 35 1939; x_wconf 95' lang='lat' dir='ltr'> </span> 
     </span>
     <span class='ocr_line' id='line_1_16' title="bbox 0 1939 35 2016; baseline 0 1278"><span class='ocrx_word' id='word_1_16' title='bbox 0 1939 35 2016; x_wconf 95' lang='lat' dir='ltr'> </span> 
     </span>
     <span class='ocr_line' id='line_1_17' title="bbox 0 2016 35 2102; baseline 0 1192"><span class='ocrx_word' id='word_1_17' title='bbox 0 2016 35 2102; x_wconf 95' lang='lat' dir='ltr'> </span> 
     </span>
     <span class='ocr_line' id='line_1_18' title="bbox 0 2102 36 2183; baseline 0 1111"><span class='ocrx_word' id='word_1_18' title='bbox 0 2102 36 2183; x_wconf 95' lang='lat' dir='ltr'> </span> 
     </span>
     <span class='ocr_line' id='line_1_19' title="bbox 0 2183 39 2339; baseline 0 -102"><span class='ocrx_word' id='word_1_19' title='bbox 0 2183 39 2339; x_wconf 95' lang='lat' dir='ltr'>  </span> 
     </span>
     <span class='ocr_line' id='line_1_20' title="bbox 0 2339 40 2500; baseline 0 0"><span class='ocrx_word' id='word_1_20' title='bbox 0 2339 40 2500; x_wconf 95' lang='lat' dir='ltr'>  </span> 
     </span>
     <span class='ocr_line' id='line_1_21' title="bbox 0 2500 49 3294; baseline 0 -553"><span class='ocrx_word' id='word_1_21' title='bbox 0 2500 49 3294; x_wconf 95' lang='lat' dir='ltr'>     </span> 
     </span>
    </p>
   </div>
   <div class='ocr_carea' id='block_1_2' title="bbox 33 217 1387 289">
    <p class='ocr_par' dir='ltr' id='par_1_2' title="bbox 33 217 1387 289">
     <span class='ocr_line' id='line_1_22' title="bbox 33 217 1387 289; baseline -0.007 2"><span class='ocrx_word' id='word_1_22' title='bbox 33 242 87 286; x_wconf 87' lang='lat'>11·</span> <span class='ocrx_word' id='word_1_23' title='bbox 123 240 168 286; x_wconf 82' lang='lat' dir='ltr'>G·</span> <span class='ocrx_word' id='word_1_24' title='bbox 505 257 562 289; x_wconf 83' lang='lat' dir='ltr'>DE</span> <span class='ocrx_word' id='word_1_25' title='bbox 601 256 889 289; x_wconf 71' lang='lat' dir='ltr'>ALPnAnE&#39;ro.</span> <span class='ocrx_word' id='word_1_26' title='bbox 1323 217 1387 282; x_wconf 78' lang='lat'>61&#39;</span> 
     </span>
    </p>
   </div>
   <div class='ocr_carea' id='block_1_3' title="bbox 16 377 1393 2215">
    <p class='ocr_par' dir='ltr' id='par_1_3' title="bbox 16 377 1393 2215">
     <span class='ocr_line' id='line_1_23' title="bbox 32 377 1385 441; baseline -0.003 -16"><span class='ocrx_word' id='word_1_27' title='bbox 32 379 134 439; x_wconf 87' lang='lat' dir='ltr'>suit,</span> <span class='ocrx_word' id='word_1_28' title='bbox 172 378 285 441; x_wconf 91' lang='lat' dir='ltr'>quod</span> <span class='ocrx_word' id='word_1_29' title='bbox 319 380 407 441; x_wconf 89' lang='lat' dir='ltr'>ipse</span> <span class='ocrx_word' id='word_1_30' title='bbox 443 380 579 438; x_wconf 86' lang='lat' dir='ltr'>novit,</span> <span class='ocrx_word' id='word_1_31' title='bbox 617 394 743 440; x_wconf 90' lang='lat' dir='ltr'>quem</span> <span class='ocrx_word' id='word_1_32' title='bbox 781 379 977 439; x_wconf 61' lang='lat' dir='ltr'>hymnum</span> <span class='ocrx_word' id='word_1_33' title='bbox 1014 377 1091 423; x_wconf 90' lang='lat' dir='ltr'>sibi</span> <span class='ocrx_word' id='word_1_34' title='bbox 1118 377 1385 422; x_wconf 80' lang='lat' dir='ltr'>decantatum</span> 
     </span>
     <span class='ocr_line' id='line_1_24' title="bbox 34 460 1386 523; baseline -0.002 -16"><span class='ocrx_word' id='word_1_35' title='bbox 34 461 111 506; x_wconf 84' lang='lat' dir='ltr'>hac</span> <span class='ocrx_word' id='word_1_36' title='bbox 130 463 170 507; x_wconf 90' lang='lat' dir='ltr'>in</span> <span class='ocrx_word' id='word_1_37' title='bbox 190 462 271 507; x_wconf 80' lang='lat' dir='ltr'>vita</span> <span class='ocrx_word' id='word_1_38' title='bbox 292 460 677 523; x_wconf 85' lang='lat' dir='ltr'>praestantissimum</span> <span class='ocrx_word' id='word_1_39' title='bbox 699 460 873 519; x_wconf 85' lang='lat' dir='ltr'>judicet.</span> <span class='ocrx_word' id='word_1_40' title='bbox 944 462 990 504; x_wconf 91' lang='lat' dir='ltr'>In</span> <span class='ocrx_word' id='word_1_41' title='bbox 1022 475 1072 504; x_wconf 88' lang='lat' dir='ltr'>eo</span> <span class='ocrx_word' id='word_1_42' title='bbox 1101 475 1270 521; x_wconf 89' lang='lat' dir='ltr'>quoque</span> <span class='ocrx_word' id='word_1_43' title='bbox 1290 475 1386 520; x_wconf 87' lang='lat' dir='ltr'>spes</span> 
     </span>
     <span class='ocr_line' id='line_1_25' title="bbox 33 541 1386 602; baseline -0.002 -13"><span class='ocrx_word' id='word_1_44' title='bbox 33 551 178 589; x_wconf 84' lang='lat' dir='ltr'>nostra</span> <span class='ocrx_word' id='word_1_45' title='bbox 216 544 348 588; x_wconf 91' lang='lat' dir='ltr'>omnis</span> <span class='ocrx_word' id='word_1_46' title='bbox 387 542 520 602; x_wconf 83' lang='lat' dir='ltr'>posita</span> <span class='ocrx_word' id='word_1_47' title='bbox 558 548 645 600; x_wconf 85' lang='lat' dir='ltr'>est,</span> <span class='ocrx_word' id='word_1_48' title='bbox 683 556 812 602; x_wconf 90' lang='lat' dir='ltr'>quum</span> <span class='ocrx_word' id='word_1_49' title='bbox 841 556 980 585; x_wconf 86' lang='lat' dir='ltr'>sermo</span> <span class='ocrx_word' id='word_1_50' title='bbox 1006 541 1186 586; x_wconf 85' lang='lat' dir='ltr'>habetur</span> <span class='ocrx_word' id='word_1_51' title='bbox 1215 541 1266 586; x_wconf 91' lang='lat' dir='ltr'>de</span> <span class='ocrx_word' id='word_1_52' title='bbox 1296 541 1386 601; x_wconf 89' lang='lat' dir='ltr'>ejus</span> 
     </span>
     <span class='ocr_line' id='line_1_26' title="bbox 35 622 1387 685; baseline -0.002 -15"><span class='ocrx_word' id='word_1_53' title='bbox 35 626 244 684; x_wconf 81' lang='lat' dir='ltr'>cruciatu,</span> <span class='ocrx_word' id='word_1_54' title='bbox 281 639 406 685; x_wconf 89' lang='lat' dir='ltr'>quem</span> <span class='ocrx_word' id='word_1_55' title='bbox 442 622 482 666; x_wconf 93' lang='lat' dir='ltr'>in</span> <span class='ocrx_word' id='word_1_56' title='bbox 520 628 660 666; x_wconf 74' lang='lat' dir='ltr'>sanctu</span> <span class='ocrx_word' id='word_1_57' title='bbox 699 636 822 664; x_wconf 75' lang='lat' dir='ltr'>cruce</span> <span class='ocrx_word' id='word_1_58' title='bbox 858 637 1084 682; x_wconf 83' lang='lat' dir='ltr'>perpessus</span> <span class='ocrx_word' id='word_1_59' title='bbox 1121 629 1211 681; x_wconf 77' lang='lat' dir='ltr'>est,</span> <span class='ocrx_word' id='word_1_60' title='bbox 1248 623 1387 684; x_wconf 90' lang='lat' dir='ltr'>deque</span> 
     </span>
     <span class='ocr_line' id='line_1_27' title="bbox 34 701 1388 765; baseline -0.003 -13"><span class='ocrx_word' id='word_1_61' title='bbox 34 708 204 752; x_wconf 87' lang='lat' dir='ltr'>vulnere</span> <span class='ocrx_word' id='word_1_62' title='bbox 247 705 372 765; x_wconf 88' lang='lat' dir='ltr'>ejus,</span> <span class='ocrx_word' id='word_1_63' title='bbox 418 719 440 748; x_wconf 93' lang='lat' dir='ltr'>e</span> <span class='ocrx_word' id='word_1_64' title='bbox 477 718 561 765; x_wconf 92' lang='lat' dir='ltr'>quo</span> <span class='ocrx_word' id='word_1_65' title='bbox 598 708 640 746; x_wconf 89' lang='lat' dir='ltr'>et</span> <span class='ocrx_word' id='word_1_66' title='bbox 676 701 843 762; x_wconf 80' lang='lat' dir='ltr'>sanguis</span> <span class='ocrx_word' id='word_1_67' title='bbox 889 709 932 747; x_wconf 90' lang='lat' dir='ltr'>et</span> <span class='ocrx_word' id='word_1_68' title='bbox 967 718 1074 764; x_wconf 82' lang='lat' dir='ltr'>aqua</span> <span class='ocrx_word' id='word_1_69' title='bbox 1110 703 1300 763; x_wconf 81' lang='lat' dir='ltr'>esssuxit,</span> <span class='ocrx_word' id='word_1_70' title='bbox 1346 704 1388 748; x_wconf 89' lang='lat' dir='ltr'>in</span> 
     </span>
     <span class='ocr_line' id='line_1_28' title="bbox 35 782 1386 850; baseline -0.002 -18"><span class='ocrx_word' id='word_1_71' title='bbox 35 803 119 850; x_wconf 92' lang='lat' dir='ltr'>quo</span> <span class='ocrx_word' id='word_1_72' title='bbox 153 786 348 848; x_wconf 82' lang='lat' dir='ltr'>baptizati</span> <span class='ocrx_word' id='word_1_73' title='bbox 383 800 554 844; x_wconf 89' lang='lat' dir='ltr'>sumus,</span> <span class='ocrx_word' id='word_1_74' title='bbox 592 783 661 845; x_wconf 92' lang='lat' dir='ltr'>qui</span> <span class='ocrx_word' id='word_1_75' title='bbox 690 783 729 828; x_wconf 90' lang='lat' dir='ltr'>in</span> <span class='ocrx_word' id='word_1_76' title='bbox 760 782 886 828; x_wconf 87' lang='lat' dir='ltr'>deum</span> <span class='ocrx_word' id='word_1_77' title='bbox 914 783 1243 844; x_wconf 85' lang='lat' dir='ltr'>omnipotentem</span> <span class='ocrx_word' id='word_1_78' title='bbox 1272 792 1386 829; x_wconf 88' lang='lat' dir='ltr'>recte</span> 
     </span>
     <span class='ocr_line' id='line_1_29' title="bbox 35 864 1387 928; baseline -0.004 -14"><span class='ocrx_word' id='word_1_79' title='bbox 35 869 276 927; x_wconf 83' lang='lat' dir='ltr'>credimus;</span> <span class='ocrx_word' id='word_1_80' title='bbox 313 866 588 928; x_wconf 89' lang='lat' dir='ltr'>ejusdemque</span> <span class='ocrx_word' id='word_1_81' title='bbox 625 881 720 909; x_wconf 84' lang='lat' dir='ltr'>caro</span> <span class='ocrx_word' id='word_1_82' title='bbox 759 871 801 910; x_wconf 92' lang='lat' dir='ltr'>et</span> <span class='ocrx_word' id='word_1_83' title='bbox 836 864 1025 925; x_wconf 81' lang='lat' dir='ltr'>sanguis,</span> <span class='ocrx_word' id='word_1_84' title='bbox 1065 880 1158 926; x_wconf 83' lang='lat' dir='ltr'>quae</span> <span class='ocrx_word' id='word_1_85' title='bbox 1193 865 1233 909; x_wconf 92' lang='lat' dir='ltr'>in</span> <span class='ocrx_word' id='word_1_86' title='bbox 1261 865 1387 910; x_wconf 85' lang='lat' dir='ltr'>missa</span> 
     </span>
     <span class='ocr_line' id='line_1_30' title="bbox 35 940 1388 1012; baseline -0.004 -17"><span class='ocrx_word' id='word_1_87' title='bbox 35 951 328 1012; x_wconf 85' lang='lat' dir='ltr'>proferuntur,</span> <span class='ocrx_word' id='word_1_88' title='bbox 367 954 554 993; x_wconf 86' lang='lat' dir='ltr'>nostrum</span> <span class='ocrx_word' id='word_1_89' title='bbox 583 953 681 991; x_wconf 91' lang='lat' dir='ltr'>sunt</span> <span class='ocrx_word' id='word_1_90' title='bbox 706 940 922 1005; x_wconf 80' lang='lat' dir='ltr'>viaticum,</span> <span class='ocrx_word' id='word_1_91' title='bbox 960 961 1010 991; x_wconf 78' lang='lat' dir='ltr'>ex</span> <span class='ocrx_word' id='word_1_92' title='bbox 1038 947 1114 991; x_wconf 84' lang='lat' dir='ltr'>hac</span> <span class='ocrx_word' id='word_1_93' title='bbox 1141 946 1219 991; x_wconf 80' lang='lat' dir='ltr'>vita</span> <span class='ocrx_word' id='word_1_94' title='bbox 1249 947 1388 991; x_wconf 91' lang='lat' dir='ltr'>demi-</span> 
     </span>
     <span class='ocr_line' id='line_1_31' title="bbox 36 1032 1386 1093; baseline -0.004 -16"><span class='ocrx_word' id='word_1_95' title='bbox 36 1032 259 1093; x_wconf 82' lang='lat' dir='ltr'>grantium.</span> <span class='ocrx_word' id='word_1_96' title='bbox 329 1032 474 1092; x_wconf 80' lang='lat' dir='ltr'>Itaque</span> <span class='ocrx_word' id='word_1_97' title='bbox 511 1044 560 1074; x_wconf 85' lang='lat' dir='ltr'>ea</span> <span class='ocrx_word' id='word_1_98' title='bbox 596 1035 738 1074; x_wconf 82' lang='lat' dir='ltr'>nostra</span> <span class='ocrx_word' id='word_1_99' title='bbox 776 1044 871 1089; x_wconf 89' lang='lat' dir='ltr'>spes</span> <span class='ocrx_word' id='word_1_100' title='bbox 909 1034 1024 1087; x_wconf 83' lang='lat' dir='ltr'>esto,</span> <span class='ocrx_word' id='word_1_101' title='bbox 1060 1034 1107 1072; x_wconf 92' lang='lat' dir='ltr'>ut</span> <span class='ocrx_word' id='word_1_102' title='bbox 1143 1043 1386 1088; x_wconf 76' lang='lat' dir='ltr'>speremus,</span> 
     </span>
     <span class='ocr_line' id='line_1_32' title="bbox 36 1109 1388 1169; baseline -0.004 -11"><span class='ocrx_word' id='word_1_103' title='bbox 36 1114 156 1160; x_wconf 92' lang='lat' dir='ltr'>nobis</span> <span class='ocrx_word' id='word_1_104' title='bbox 190 1120 280 1158; x_wconf 86' lang='lat' dir='ltr'>tum</span> <span class='ocrx_word' id='word_1_105' title='bbox 316 1112 486 1157; x_wconf 88' lang='lat' dir='ltr'>demum</span> <span class='ocrx_word' id='word_1_106' title='bbox 528 1118 713 1155; x_wconf 78' lang='lat' dir='ltr'>nostram</span> <span class='ocrx_word' id='word_1_107' title='bbox 751 1110 1039 1169; x_wconf 79' lang='lat' dir='ltr'><strong>migrationem</strong></span> <span class='ocrx_word' id='word_1_108' title='bbox 1078 1109 1253 1154; x_wconf 77' lang='lat' dir='ltr'>feliciter</span> <span class='ocrx_word' id='word_1_109' title='bbox 1288 1124 1388 1153; x_wconf 86' lang='lat' dir='ltr'>ces-</span> 
     </span>
     <span class='ocr_line' id='line_1_33' title="bbox 16 1189 1388 1254; baseline -0.004 -16"><span class='ocrx_word' id='word_1_110' title='bbox 16 1210 201 1254; x_wconf 43' lang='lat' dir='ltr'>¹suram,</span> <span class='ocrx_word' id='word_1_111' title='bbox 239 1194 271 1238; x_wconf 92' lang='lat' dir='ltr'>si</span> <span class='ocrx_word' id='word_1_112' title='bbox 300 1194 355 1239; x_wconf 82' lang='lat' dir='ltr'>ita</span> <span class='ocrx_word' id='word_1_113' title='bbox 382 1192 600 1251; x_wconf 80' lang='lat' dir='ltr'>acciderit,</span> <span class='ocrx_word' id='word_1_114' title='bbox 635 1192 695 1236; x_wconf 90' lang='lat' dir='ltr'>uti</span> <span class='ocrx_word' id='word_1_115' title='bbox 725 1191 813 1252; x_wconf 88' lang='lat' dir='ltr'>ipse</span> <span class='ocrx_word' id='word_1_116' title='bbox 843 1191 1037 1252; x_wconf 83' lang='lat' dir='ltr'>providit,</span> <span class='ocrx_word' id='word_1_117' title='bbox 1073 1197 1120 1236; x_wconf 89' lang='lat' dir='ltr'>ut</span> <span class='ocrx_word' id='word_1_118' title='bbox 1149 1197 1190 1235; x_wconf 87' lang='lat' dir='ltr'>et</span> <span class='ocrx_word' id='word_1_119' title='bbox 1215 1206 1291 1235; x_wconf 89' lang='lat' dir='ltr'>nos</span> <span class='ocrx_word' id='word_1_120' title='bbox 1320 1189 1388 1234; x_wconf 93' lang='lat' dir='ltr'>ille</span> 
     </span>
     <span class='ocr_line' id='line_1_34' title="bbox 38 1271 1390 1333; baseline -0.006 -11"><span class='ocrx_word' id='word_1_121' title='bbox 38 1284 81 1322; x_wconf 88' lang='lat' dir='ltr'>et</span> <span class='ocrx_word' id='word_1_122' title='bbox 115 1277 227 1322; x_wconf 92' lang='lat' dir='ltr'>illum</span> <span class='ocrx_word' id='word_1_123' title='bbox 263 1291 338 1320; x_wconf 91' lang='lat' dir='ltr'>nos</span> <span class='ocrx_word' id='word_1_124' title='bbox 376 1273 657 1332; x_wconf 78' lang='lat' dir='ltr'>comitemur,</span> <span class='ocrx_word' id='word_1_125' title='bbox 702 1271 872 1318; x_wconf 87' lang='lat' dir='ltr'>domum</span> <span class='ocrx_word' id='word_1_126' title='bbox 916 1273 956 1317; x_wconf 91' lang='lat' dir='ltr'>in</span> <span class='ocrx_word' id='word_1_127' title='bbox 992 1272 1168 1333; x_wconf 78' lang='lat' dir='ltr'>patriam</span> <span class='ocrx_word' id='word_1_128' title='bbox 1203 1277 1390 1317; x_wconf 81' lang='lat' dir='ltr'>nostram</span> 
     </span>
     <span class='ocr_line' id='line_1_35' title="bbox 37 1354 1388 1416; baseline -0.004 -13"><span class='ocrx_word' id='word_1_129' title='bbox 37 1357 329 1403; x_wconf 86' lang='lat' dir='ltr'>concedentes.</span> <span class='ocrx_word' id='word_1_130' title='bbox 401 1355 484 1410; x_wconf 86' lang='lat' dir='ltr'>Qui</span> <span class='ocrx_word' id='word_1_131' title='bbox 520 1370 673 1416; x_wconf 81' lang='lat' dir='ltr'>quum,</span> <span class='ocrx_word' id='word_1_132' title='bbox 712 1361 857 1399; x_wconf 78' lang='lat' dir='ltr'>exacto</span> <span class='ocrx_word' id='word_1_133' title='bbox 895 1354 960 1399; x_wconf 90' lang='lat' dir='ltr'>die</span> <span class='ocrx_word' id='word_1_134' title='bbox 991 1354 1156 1414; x_wconf 87' lang='lat' dir='ltr'>judicii,</span> <span class='ocrx_word' id='word_1_135' title='bbox 1194 1354 1388 1398; x_wconf 85' lang='lat' dir='ltr'>cohortes</span> 
     </span>
     <span class='ocr_line' id='line_1_36' title="bbox 38 1434 1387 1495; baseline -0.004 -11"><span class='ocrx_word' id='word_1_136' title='bbox 38 1456 134 1484; x_wconf 81' lang='lat' dir='ltr'>suas</span> <span class='ocrx_word' id='word_1_137' title='bbox 171 1455 192 1483; x_wconf 82' lang='lat' dir='ltr'>a</span> <span class='ocrx_word' id='word_1_138' title='bbox 228 1438 371 1483; x_wconf 79' lang='lat' dir='ltr'>dextra</span> <span class='ocrx_word' id='word_1_139' title='bbox 417 1453 491 1481; x_wconf 86' lang='lat' dir='ltr'>sua</span> <span class='ocrx_word' id='word_1_140' title='bbox 536 1436 833 1495; x_wconf 80' lang='lat' dir='ltr'>collocaverit,</span> <span class='ocrx_word' id='word_1_141' title='bbox 878 1434 1110 1481; x_wconf 75' lang='lat' dir='ltr'>Alleluia</span> <span class='ocrx_word' id='word_1_142' title='bbox 1152 1434 1387 1493; x_wconf 82' lang='lat' dir='ltr'>ordiemur,</span> 
     </span>
     <span class='ocr_line' id='line_1_37' title="bbox 41 1518 1390 1582; baseline -0.006 -15"><span class='ocrx_word' id='word_1_143' title='bbox 41 1538 92 1567; x_wconf 92' lang='lat' dir='ltr'>eo</span> <span class='ocrx_word' id='word_1_144' title='bbox 129 1520 242 1582; x_wconf 90' lang='lat' dir='ltr'>quod</span> <span class='ocrx_word' id='word_1_145' title='bbox 277 1519 342 1564; x_wconf 89' lang='lat' dir='ltr'>hic</span> <span class='ocrx_word' id='word_1_146' title='bbox 377 1518 587 1564; x_wconf 88' lang='lat' dir='ltr'>terrestris</span> <span class='ocrx_word' id='word_1_147' title='bbox 623 1524 769 1563; x_wconf 79' lang='lat' dir='ltr'>cantus</span> <span class='ocrx_word' id='word_1_148' title='bbox 805 1534 888 1563; x_wconf 91' lang='lat' dir='ltr'>non</span> <span class='ocrx_word' id='word_1_149' title='bbox 926 1524 1019 1575; x_wconf 81' lang='lat' dir='ltr'>est3</span> <span class='ocrx_word' id='word_1_150' title='bbox 1067 1532 1193 1579; x_wconf 93' lang='lat' dir='ltr'>quem</span> <span class='ocrx_word' id='word_1_151' title='bbox 1223 1522 1390 1561; x_wconf 81' lang='lat' dir='ltr'>cantum</span> 
     </span>
     <span class='ocr_line' id='line_1_38' title="bbox 42 1597 1390 1658; baseline -0.004 -12"><span class='ocrx_word' id='word_1_152' title='bbox 42 1602 246 1646; x_wconf 80' lang='lat' dir='ltr'>universae</span> <span class='ocrx_word' id='word_1_153' title='bbox 282 1600 426 1645; x_wconf 91' lang='lat' dir='ltr'>decem</span> <span class='ocrx_word' id='word_1_154' title='bbox 463 1600 657 1644; x_wconf 85' lang='lat' dir='ltr'>cohortes</span> <span class='ocrx_word' id='word_1_155' title='bbox 695 1599 762 1643; x_wconf 91' lang='lat' dir='ltr'>dei</span> <span class='ocrx_word' id='word_1_156' title='bbox 797 1599 1046 1658; x_wconf 81' lang='lat' dir='ltr'>angelorum</span> <span class='ocrx_word' id='word_1_157' title='bbox 1090 1605 1132 1643; x_wconf 90' lang='lat' dir='ltr'>et</span> <span class='ocrx_word' id='word_1_158' title='bbox 1176 1597 1390 1642; x_wconf 91' lang='lat' dir='ltr'>hominum</span> 
     </span>
     <span class='ocr_line' id='line_1_39' title="bbox 21 1679 1391 1741; baseline -0.004 -13"><span class='ocrx_word' id='word_1_159' title='bbox 21 1690 139 1738; x_wconf 60' lang='lat' dir='ltr'>Jtunc</span> <span class='ocrx_word' id='word_1_160' title='bbox 184 1697 265 1726; x_wconf 79' lang='lat' dir='ltr'>una</span> <span class='ocrx_word' id='word_1_161' title='bbox 310 1687 489 1739; x_wconf 78' lang='lat' dir='ltr'>canent,</span> <span class='ocrx_word' id='word_1_162' title='bbox 545 1696 674 1741; x_wconf 89' lang='lat' dir='ltr'>quum</span> <span class='ocrx_word' id='word_1_163' title='bbox 721 1679 824 1725; x_wconf 91' lang='lat' dir='ltr'>deus</span> <span class='ocrx_word' id='word_1_164' title='bbox 870 1681 1130 1740; x_wconf 87' lang='lat' dir='ltr'>omnipotens</span> <span class='ocrx_word' id='word_1_165' title='bbox 1177 1694 1252 1723; x_wconf 89' lang='lat' dir='ltr'>suo</span> <span class='ocrx_word' id='word_1_166' title='bbox 1297 1693 1391 1722; x_wconf 87' lang='lat' dir='ltr'>cum</span> 
     </span>
     <span class='ocr_line' id='line_1_40' title="bbox 21 1746 1391 1821; baseline -0.005 -12"><span class='ocrx_word' id='word_1_167' title='bbox 21 1746 238 1810; x_wconf 48' lang='lat' dir='ltr'>&#39;comitatu</span> <span class='ocrx_word' id='word_1_168' title='bbox 276 1762 445 1807; x_wconf 89' lang='lat' dir='ltr'>domum</span> <span class='ocrx_word' id='word_1_169' title='bbox 483 1762 524 1806; x_wconf 88' lang='lat' dir='ltr'>in</span> <span class='ocrx_word' id='word_1_170' title='bbox 559 1762 676 1821; x_wconf 81' lang='lat' dir='ltr'>regni</span> <span class='ocrx_word' id='word_1_171' title='bbox 713 1762 890 1816; x_wconf 81' lang='lat' dir='ltr'>coelestis</span> <span class='ocrx_word' id='word_1_172' title='bbox 926 1761 1101 1821; x_wconf 80' lang='lat' dir='ltr'>gloriam</span> <span class='ocrx_word' id='word_1_173' title='bbox 1129 1765 1391 1816; x_wconf 81' lang='lat' dir='ltr'>revertetur3</span> 
     </span>
     <span class='ocr_line' id='line_1_41' title="bbox 22 1837 1391 1906; baseline -0.005 -16"><span class='ocrx_word' id='word_1_174' title='bbox 22 1837 203 1906; x_wconf 39' lang='lat' dir='ltr'>&#39;nosque</span> <span class='ocrx_word' id='word_1_175' title='bbox 239 1851 469 1905; x_wconf 84' lang='lat' dir='ltr'>perpetuo,</span> <span class='ocrx_word' id='word_1_176' title='bbox 507 1859 719 1904; x_wconf 81' lang='lat' dir='ltr'>nunquam</span> <span class='ocrx_word' id='word_1_177' title='bbox 755 1849 802 1887; x_wconf 86' lang='lat' dir='ltr'>ut</span> <span class='ocrx_word' id='word_1_178' title='bbox 836 1843 945 1886; x_wconf 92' lang='lat' dir='ltr'>ullus</span> <span class='ocrx_word' id='word_1_179' title='bbox 982 1842 1074 1886; x_wconf 88' lang='lat' dir='ltr'>finis</span> <span class='ocrx_word' id='word_1_180' title='bbox 1113 1841 1165 1885; x_wconf 89' lang='lat' dir='ltr'>sit</span> <span class='ocrx_word' id='word_1_181' title='bbox 1204 1840 1391 1898; x_wconf 77' lang='lat' dir='ltr'>futurus,</span> 
     </span>
     <span class='ocr_line' id='line_1_42' title="bbox 41 1922 1393 1985; baseline -0.004 -14"><span class='ocrx_word' id='word_1_182' title='bbox 41 1926 180 1971; x_wconf 84' lang='lat' dir='ltr'>felices</span> <span class='ocrx_word' id='word_1_183' title='bbox 216 1924 476 1971; x_wconf 88' lang='lat' dir='ltr'>manebimus</span> <span class='ocrx_word' id='word_1_184' title='bbox 506 1924 616 1985; x_wconf 81' lang='lat' dir='ltr'>apud</span> <span class='ocrx_word' id='word_1_185' title='bbox 645 1925 770 1969; x_wconf 87' lang='lat' dir='ltr'>deum</span> <span class='ocrx_word' id='word_1_186' title='bbox 799 1923 1151 1984; x_wconf 85' lang='lat' dir='ltr'>omnipotentem,</span> <span class='ocrx_word' id='word_1_187' title='bbox 1190 1937 1273 1983; x_wconf 91' lang='lat' dir='ltr'>quo</span> <span class='ocrx_word' id='word_1_188' title='bbox 1301 1922 1393 1965; x_wconf 88' lang='lat' dir='ltr'>loco</span> 
     </span>
     <span class='ocr_line' id='line_1_43' title="bbox 40 2003 1392 2069; baseline -0.004 -17"><span class='ocrx_word' id='word_1_189' title='bbox 40 2008 128 2069; x_wconf 89' lang='lat' dir='ltr'>ipse</span> <span class='ocrx_word' id='word_1_190' title='bbox 175 2013 240 2053; x_wconf 87' lang='lat' dir='ltr'>est</span> <span class='ocrx_word' id='word_1_191' title='bbox 281 2007 582 2067; x_wconf 88' lang='lat' dir='ltr'>sempiternum</span> <span class='ocrx_word' id='word_1_192' title='bbox 627 2021 720 2050; x_wconf 91' lang='lat' dir='ltr'>cum</span> <span class='ocrx_word' id='word_1_193' title='bbox 756 2007 879 2050; x_wconf 85' lang='lat' dir='ltr'>Patre</span> <span class='ocrx_word' id='word_1_194' title='bbox 923 2011 965 2050; x_wconf 90' lang='lat' dir='ltr'>et</span> <span class='ocrx_word' id='word_1_195' title='bbox 998 2004 1103 2050; x_wconf 90' lang='lat' dir='ltr'>Filio</span> <span class='ocrx_word' id='word_1_196' title='bbox 1149 2011 1191 2048; x_wconf 93' lang='lat' dir='ltr'>et</span> <span class='ocrx_word' id='word_1_197' title='bbox 1235 2003 1392 2064; x_wconf 86' lang='lat' dir='ltr'>Spiritu</span> 
     </span>
     <span class='ocr_line' id='line_1_44' title="bbox 44 2084 1393 2150; baseline -0.004 -17"><span class='ocrx_word' id='word_1_198' title='bbox 44 2090 220 2149; x_wconf 82' lang='lat' dir='ltr'>Sancto,</span> <span class='ocrx_word' id='word_1_199' title='bbox 258 2088 328 2150; x_wconf 89' lang='lat' dir='ltr'>qui</span> <span class='ocrx_word' id='word_1_200' title='bbox 357 2087 452 2132; x_wconf 88' lang='lat' dir='ltr'>vivit</span> <span class='ocrx_word' id='word_1_201' title='bbox 480 2093 522 2132; x_wconf 86' lang='lat' dir='ltr'>et</span> <span class='ocrx_word' id='word_1_202' title='bbox 547 2094 696 2147; x_wconf 82' lang='lat' dir='ltr'>regnat</span> <span class='ocrx_word' id='word_1_203' title='bbox 724 2103 830 2131; x_wconf 90' lang='lat' dir='ltr'>unus</span> <span class='ocrx_word' id='word_1_204' title='bbox 859 2086 962 2131; x_wconf 88' lang='lat' dir='ltr'>deus</span> <span class='ocrx_word' id='word_1_205' title='bbox 994 2102 1068 2146; x_wconf 82' lang='lat' dir='ltr'>per</span> <span class='ocrx_word' id='word_1_206' title='bbox 1088 2085 1225 2130; x_wconf 78' lang='lat' dir='ltr'>omnia</span> <span class='ocrx_word' id='word_1_207' title='bbox 1255 2084 1393 2129; x_wconf 85' lang='lat' dir='ltr'>secula</span> 
     </span>
     <span class='ocr_line' id='line_1_45' title="bbox 41 2170 526 2215; baseline 0 -1"><span class='ocrx_word' id='word_1_208' title='bbox 41 2170 294 2215; x_wconf 88' lang='lat' dir='ltr'>seculorum.</span> <span class='ocrx_word' id='word_1_209' title='bbox 373 2170 526 2214; x_wconf 86' lang='lat' dir='ltr'>Amen.</span> 
     </span>
    </p>
   </div>
   <div class='ocr_carea' id='block_1_4' title="bbox 0 2363 1396 2719">
    <p class='ocr_par' dir='ltr' id='par_1_4' title="bbox 0 2363 1396 2719">
     <span class='ocr_line' id='line_1_46' title="bbox 43 2363 1393 2411; baseline -0.004 -10"><span class='ocrx_word' id='word_1_210' title='bbox 43 2368 165 2401; x_wconf 73' lang='lat' dir='ltr'>Tanta</span> <span class='ocrx_word' id='word_1_211' title='bbox 198 2368 297 2401; x_wconf 79' lang='lat' dir='ltr'>enim</span> <span class='ocrx_word' id='word_1_212' title='bbox 329 2378 443 2402; x_wconf 77' lang='lat' dir='ltr'>sacra</span> <span class='ocrx_word' id='word_1_213' title='bbox 469 2373 559 2401; x_wconf 72' lang='lat' dir='ltr'>sum</span> <span class='ocrx_word' id='word_1_214' title='bbox 582 2367 758 2411; x_wconf 78' lang='lat' dir='ltr'>nomina,</span> <span class='ocrx_word' id='word_1_215' title='bbox 797 2372 840 2400; x_wconf 79' lang='lat' dir='ltr'>uc</span> <span class='ocrx_word' id='word_1_216' title='bbox 865 2366 977 2400; x_wconf 78' lang='lat' dir='ltr'>etiam</span> <span class='ocrx_word' id='word_1_217' title='bbox 1002 2365 1202 2399; x_wconf 72' lang='lat' dir='ltr'>Johannes</span> <span class='ocrx_word' id='word_1_218' title='bbox 1227 2363 1267 2397; x_wconf 80' lang='lat' dir='ltr'>in</span> <span class='ocrx_word' id='word_1_219' title='bbox 1289 2364 1393 2409; x_wconf 84' lang='lat' dir='ltr'>Apo-</span> 
     </span>
     <span class='ocr_line' id='line_1_47' title="bbox 44 2421 1395 2474; baseline -0.004 -11"><span class='ocrx_word' id='word_1_220' title='bbox 44 2430 190 2473; x_wconf 79' lang='lat' dir='ltr'>calypsi</span> <span class='ocrx_word' id='word_1_221' title='bbox 215 2430 363 2472; x_wconf 78' lang='lat' dir='ltr'>referat</span> <span class='ocrx_word' id='word_1_222' title='bbox 383 2440 424 2463; x_wconf 73' lang='lat' dir='ltr'>se</span> <span class='ocrx_word' id='word_1_223' title='bbox 446 2429 586 2474; x_wconf 72' lang='lat' dir='ltr'>spiritu</span> <span class='ocrx_word' id='word_1_224' title='bbox 608 2431 803 2462; x_wconf 80' lang='lat' dir='ltr'>revelante</span> <span class='ocrx_word' id='word_1_225' title='bbox 824 2429 971 2463; x_wconf 75' lang='lat' dir='ltr'>vidisse</span> <span class='ocrx_word' id='word_1_226' title='bbox 993 2421 1028 2461; x_wconf 67' lang='grc' dir='ltr'>ἐι</span> <span class='ocrx_word' id='word_1_227' title='bbox 1048 2427 1248 2461; x_wconf 75' lang='lat' dir='ltr'>audivisse</span> <span class='ocrx_word' id='word_1_228' title='bbox 1268 2435 1395 2459; x_wconf 83' lang='lat' dir='ltr'>vocem</span> 
     </span>
     <span class='ocr_line' id='line_1_48' title="bbox 45 2491 1396 2536; baseline -0.001 -12"><span class='ocrx_word' id='word_1_229' title='bbox 45 2491 207 2524; x_wconf 71' lang='lat' dir='ltr'>coelestis</span> <span class='ocrx_word' id='word_1_230' title='bbox 246 2492 463 2535; x_wconf 70' lang='lat' dir='ltr'>emercitus,</span> <span class='ocrx_word' id='word_1_231' title='bbox 515 2497 688 2535; x_wconf 81' lang='lat' dir='ltr'>tanquam</span> <span class='ocrx_word' id='word_1_232' title='bbox 731 2501 859 2524; x_wconf 84' lang='lat' dir='ltr'>vocem</span> <span class='ocrx_word' id='word_1_233' title='bbox 902 2501 1082 2536; x_wconf 82' lang='lat' dir='ltr'>aquarum</span> <span class='ocrx_word' id='word_1_234' title='bbox 1118 2492 1322 2524; x_wconf 77' lang='lat' dir='ltr'>multarum</span> <span class='ocrx_word' id='word_1_235' title='bbox 1359 2494 1396 2523; x_wconf 76' lang='lat' dir='ltr'>ee</span> 
     </span>
     <span class='ocr_line' id='line_1_49' title="bbox 46 2552 1396 2597; baseline -0.001 -12"><span class='ocrx_word' id='word_1_236' title='bbox 46 2553 253 2586; x_wconf 74' lang='lat' dir='ltr'>tonitruum</span> <span class='ocrx_word' id='word_1_237' title='bbox 277 2554 512 2597; x_wconf 74' lang='lat' dir='ltr'>validorum,</span> <span class='ocrx_word' id='word_1_238' title='bbox 541 2552 745 2586; x_wconf 75' lang='lat' dir='ltr'>dicentium</span> <span class='ocrx_word' id='word_1_239' title='bbox 770 2555 879 2586; x_wconf 81' lang='lat' dir='ltr'>Amen</span> <span class='ocrx_word' id='word_1_240' title='bbox 906 2559 942 2587; x_wconf 77' lang='lat' dir='ltr'>et</span> <span class='ocrx_word' id='word_1_241' title='bbox 967 2553 1140 2596; x_wconf 81' lang='lat' dir='ltr'>Alleluia3</span> <span class='ocrx_word' id='word_1_242' title='bbox 1168 2564 1212 2586; x_wconf 80' lang='lat' dir='ltr'>ac</span> <span class='ocrx_word' id='word_1_243' title='bbox 1232 2562 1303 2596; x_wconf 86' lang='lat' dir='ltr'>per</span> <span class='ocrx_word' id='word_1_244' title='bbox 1328 2552 1396 2585; x_wconf 80' lang='lat' dir='ltr'>hoc</span> 
     </span>
     <span class='ocr_line' id='line_1_50' title="bbox 0 2614 1395 2664; baseline -0.001 -17"><span class='ocrx_word' id='word_1_245' title='bbox 0 2659 1 2664; x_wconf 14' lang='grc' dir='ltr'><strong>Ἰ</strong></span> <span class='ocrx_word' id='word_1_246' title='bbox 45 2614 102 2648; x_wconf 72' lang='grc' dir='ltr'>εἰσ</span> <span class='ocrx_word' id='word_1_247' title='bbox 127 2620 273 2659; x_wconf 80' lang='lat' dir='ltr'>oportet</span> <span class='ocrx_word' id='word_1_248' title='bbox 295 2615 336 2648; x_wconf 81' lang='lat' dir='ltr'>in</span> <span class='ocrx_word' id='word_1_249' title='bbox 363 2616 482 2649; x_wconf 79' lang='lat' dir='ltr'>terris</span> <span class='ocrx_word' id='word_1_250' title='bbox 508 2621 665 2660; x_wconf 79' lang='lat' dir='ltr'>utraque</span> <span class='ocrx_word' id='word_1_251' title='bbox 691 2615 785 2659; x_wconf 74' lang='lat' dir='ltr'>dici,</span> <span class='ocrx_word' id='word_1_252' title='bbox 823 2615 924 2650; x_wconf 71' lang='lat' dir='ltr'>sicut</span> <span class='ocrx_word' id='word_1_253' title='bbox 947 2615 987 2649; x_wconf 79' lang='lat' dir='ltr'>in</span> <span class='ocrx_word' id='word_1_254' title='bbox 1014 2617 1103 2650; x_wconf 85' lang='lat' dir='ltr'>coelo</span> <span class='ocrx_word' id='word_1_255' title='bbox 1130 2618 1324 2648; x_wconf 77' lang='lat' dir='ltr'>resonant.</span> <span class='ocrx_word' id='word_1_256' title='bbox 1350 2631 1395 2637; x_wconf 93' lang='grc'><strong>-</strong></span> 
     </span>
     <span class='ocr_line' id='line_1_51' title="bbox 45 2674 514 2719; baseline 0.006 -12"><span class='ocrx_word' id='word_1_257' title='bbox 45 2674 84 2719; x_wconf 77' lang='lat'>²)</span> <span class='ocrx_word' id='word_1_258' title='bbox 110 2676 204 2709; x_wconf 83' lang='lat' dir='ltr'>endir</span> <span class='ocrx_word' id='word_1_259' title='bbox 229 2677 368 2717; x_wconf 82' lang='lat' dir='ltr'>conjec.</span> <span class='ocrx_word' id='word_1_260' title='bbox 398 2677 514 2711; x_wconf 78' lang='lat' dir='ltr'><em>Rask.</em></span> 
     </span>
    </p>
   </div>
  </div>
 </body>
</html>
