1832 3294
109 209 183 255 111·
226 205 392 253 15-16-
551 224 741 258 mennas
766 223 1030 258 onA'rioNis.
1366 202 1457 251 157

106 350 201 394 Hoc
228 348 480 409 appellamus
509 345 681 407 klauf,
721 347 760 391 id
788 363 885 392 vcro
914 354 1084 392 vocatur
1111 352 1261 406 svipa
1282 346 1457 407 (polya-

109 429 362 491 syndeton),
400 430 434 474 si
469 429 598 474 multa
635 428 818 488 epitheta
854 428 906 473 ad
942 445 1067 473 unam
1102 444 1191 473 rem
1227 428 1457 488 pertinent,

107 517 155 556 ut
189 511 286 556 hic:

369 594 611 652 Antequam
647 590 827 650 ingentis
863 590 1020 650 animi,

369 672 602 730 robustus,
640 672 806 729 claruS,
843 672 1011 716 victoria
1046 671 1196 717 beatus

369 761 488 813 pater
521 753 677 813 Magnii
713 752 912 797 malleum
948 753 1119 798 incussit

371 836 410 879 in
447 835 589 879 hostes
626 849 823 879 curruum
861 834 1085 895 aequorisa.

213 962 286 1009 16.
358 964 526 1008 TRopus
557 968 621 1007 est
649 962 859 1006 translatio
889 961 1078 1007 dictionis
1107 977 1129 1006 a
1158 961 1460 1022 significatione

109 1045 275 1106 propria
301 1044 352 1089 ad
376 1044 657 1105 impropriam,
694 1058 789 1088 cum
817 1042 1081 1089 similitudine
1102 1043 1251 1104 aliqua,
1288 1049 1459 1089 ornatus

111 1132 183 1171 aut
201 1126 455 1171 necessitatis
476 1142 613 1171 causa.
683 1127 764 1171 Per
781 1125 855 1171 hos
875 1131 1020 1186 tropos
1040 1132 1228 1170 oratores
1249 1125 1460 1170 orationes

109 1223 204 1253 suas
234 1223 256 1252 a
283 1207 438 1268 vulgari
469 1223 663 1252 sermone
693 1206 1021 1267 distinguebant.
1092 1208 1256 1268 Tropus
1291 1207 1331 1251 in
1364 1213 1459 1251 tre-

110 1288 244 1334 decim
280 1289 440 1349 species
478 1288 750 1349 dispescitur,
788 1304 965 1350 quarum
1001 1288 1091 1333 haec
1126 1296 1223 1333 sunt
1258 1289 1458 1333 nomina:

108 1371 409 1429 METAPHORA,
455 1371 785 1429 CATACHRESIS,
821 1372 1131 1428 METALEPfflS,
1167 1371 1459 1429 METONYMIA,

107 1451 454 1510 ANTONOMASIA,
506 1452 789 1510 EPITHETON,
841 1453 1159 1511 SYNECDocuE,
1215 1452 1460 1497 ΟΝοΜΑΤο-

109 1548 252 1592 POEoN,
290 1533 591 1592 Pmpufflffls,
627 1534 945 1592 HYPERBATON,
981 1534 1269 1591 HYPERBOLE,
1306 1532 1461 1577 ALLE-

110 1630 266 1673 coma,
313 1614 539 1659 OMOEOSffi.
616 1615 732 1659 Inter
765 1613 921 1674 figuras
959 1630 982 1658 a
1015 1615 1183 1658 Donato
1225 1613 1460 1674 propositas

109 1694 188 1739 lioc
223 1693 467 1740 discriminis
503 1696 709 1741 interest:
773 1695 1065 1741 Barbarismus
1093 1700 1135 1739 et
1157 1695 1460 1755 Metaplasmus

109 1775 149 1819 in
177 1775 347 1835 singulis
383 1776 631 1822 dictionibus
669 1777 795 1836 fiunt,
833 1792 910 1837 per
943 1775 1217 1821 mutationem
1244 1775 1461 1820 literarum

109 1862 182 1901 aut
231 1857 515 1917 syllabarum,
573 1858 721 1920 hisque
775 1857 1015 1903 accidentia.
1103 1856 1281 1902 Schema
1332 1856 1463 1902 habet

111 1937 241 1982 varias
276 1938 500 1984 verborum
537 1947 579 1985 et
614 1939 914 1984 sententiarum
950 1939 1127 1997 formas,
1165 1954 1258 1999 quae
1291 1937 1461 1982 taedium

111 2018 334 2078 auserunt,
399 2021 611 2082 eloquium
665 2028 829 2066 ornant.
924 2020 979 2065 Hi
1033 2035 1131 2065 vero
1183 2019 1310 2080 Tropi
1363 2024 1460 2063 sunt

110 2183 325 2232 μετάληψις,
359 2189 580 2234 μετωνυμία,
606 2183 859 2234 α’ντονομασία,
887 2189 1067 2231 ἐπίθετον,
1093 2182 1309 2233 συνεκδοχτῐ,
1335 2181 1460 2232 ὄνομα·

110 2249 271 2291 τοποιΐα,
303 2251 530 2295 περίφρασις,
564 2247 778 2296 ὖπέρβατον,
803 2245 998 2296 ὑπερβολή,
1026 2243 1235 2293 οἷλληγορία,
1263 2245 1460 2293 ὁμοίωσις”.

110 2309 246 2344 Donat.
272 2312 296 2344 l.
324 2322 354 2345 c.
383 2313 450 2345 col.
475 2312 590 2345 1775.
626 2331 670 2337 —
703 2312 797 2346 [sid.
826 2313 930 2357 Oriq.
956 2313 1038 2346 Lib.
1064 2312 1095 2344 Ι.
1122 2322 1152 2344 c.
1177 2311 1257 2344 36:
1306 2311 1460 2353 ''Tropos

112 2373 231 2405 Graeco
269 2373 404 2405 nomine
439 2373 660 2406 Grammatici
697 2378 843 2416 vocant,
880 2374 935 2418 qui
969 2373 1092 2407 Latine
1129 2372 1218 2405 modi
1254 2371 1459 2405 locutionum

110 2432 387 2477 interpretantur.
457 2435 561 2467 Fiunt
609 2439 719 2468 autem
770 2447 790 2468 a
833 2436 970 2480 propria
1014 2433 1264 2477 significatione
1307 2434 1351 2466 ad
1394 2444 1459 2466 non

110 2495 283 2538 propriam
308 2496 577 2529 similitudinem.
626 2498 776 2536 Quorum
802 2497 950 2530 omnium
976 2497 1114 2530 nomina
1139 2495 1378 2528 difficillimum
1406 2497 1460 2527 est

111 2560 299 2599 annotare,
334 2558 394 2590 sed
420 2568 459 2591 ex
484 2558 639 2592 omnibus
664 2561 817 2592 Donatus
851 2558 1011 2592 tredecim
1045 2556 1121 2590 usui
1153 2557 1339 2590 tradendos
1371 2566 1457 2589 eon-

112 2617 285 2661 scripsit’'.

203 2679 242 2722 a)
269 2679 423 2714 Isidorus
447 2682 494 2714 20
517 2682 650 2724 species
675 2682 893 2715 schematum
919 2682 1057 2723 adfert,
1093 2678 1299 2723 supradictis
1327 2679 1369 2711 18
1392 2677 1458 2709 ad-

113 2739 195 2772 dens
231 2741 435 2775 Antitheton
473 2747 506 2775 et
541 2743 783 2787 Hypallagen,
827 2754 898 2787 quae
934 2744 1052 2785 figurae
1090 2742 1130 2775 ab
1171 2744 1311 2774 auctore
1347 2737 1457 2783 quarti

115 2804 284 2836 tractatus
308 2802 402 2837 infra
426 2804 550 2839 additae
573 2808 664 2839 sunt.
