<?xml version="1.0" encoding="UTF-8"?>
<!DOCTYPE html PUBLIC "-//W3C//DTD XHTML 1.0 Transitional//EN"
    "http://www.w3.org/TR/xhtml1/DTD/xhtml1-transitional.dtd">
<html xmlns="http://www.w3.org/1999/xhtml" xml:lang="en" lang="en">
 <head>
  <title>
</title>
<meta http-equiv="Content-Type" content="text/html;charset=utf-8" />
  <meta name='ocr-system' content='tesseract 3.04.00' />
  <meta name='ocr-capabilities' content='ocr_page ocr_carea ocr_par ocr_line ocrx_word'/>
</head>
<body>
  <div class='ocr_page' id='page_1' title='image "./eddasnorrasturlu02hafnuoft_0241.png"; bbox 0 0 1832 3294; ppageno 0'>
   <div class='ocr_carea' id='block_1_1' title="bbox 84 173 1439 226">
    <p class='ocr_par' dir='ltr' id='par_1_1' title="bbox 84 173 1439 226">
     <span class='ocr_line' id='line_1_1' title="bbox 84 173 1439 226; baseline -0.002 -2"><span class='ocrx_word' id='word_1_1' title='bbox 84 177 155 222; x_wconf 85' lang='lat' dir='ltr'>lv.</span> <span class='ocrx_word' id='word_1_2' title='bbox 199 173 270 221; x_wconf 84' lang='grc'>14.</span> <span class='ocrx_word' id='word_1_3' title='bbox 538 193 728 226; x_wconf 59' lang='lat' dir='ltr'>Fleuum:</span> <span class='ocrx_word' id='word_1_4' title='bbox 756 195 1015 226; x_wconf 70' lang='lat' dir='ltr'>onA&#39;rioNis.</span> <span class='ocrx_word' id='word_1_5' title='bbox 1343 175 1439 222; x_wconf 85' lang='lat'>223</span> 
     </span>
    </p>
   </div>
   <div class='ocr_carea' id='block_1_2' title="bbox 81 314 1440 1101">
    <p class='ocr_par' dir='ltr' id='par_1_2' title="bbox 81 314 1440 454">
     <span class='ocr_line' id='line_1_2' title="bbox 87 314 1440 377; baseline 0 -18"><span class='ocrx_word' id='word_1_6' title='bbox 87 315 363 376; x_wconf 87' lang='lat' dir='ltr'>semistropha</span> <span class='ocrx_word' id='word_1_7' title='bbox 413 314 705 373; x_wconf 69' lang='lat' dir='ltr'>concluditur,</span> <span class='ocrx_word' id='word_1_8' title='bbox 753 316 806 360; x_wconf 87' lang='lat' dir='ltr'>ita</span> <span class='ocrx_word' id='word_1_9' title='bbox 849 322 896 360; x_wconf 92' lang='lat' dir='ltr'>ut</span> <span class='ocrx_word' id='word_1_10' title='bbox 940 316 1109 376; x_wconf 82' lang='lat' dir='ltr'>singulis</span> <span class='ocrx_word' id='word_1_11' title='bbox 1152 315 1440 377; x_wconf 89' lang='lat' dir='ltr'>semistrophis</span> 
     </span>
     <span class='ocr_line' id='line_1_3' title="bbox 81 396 1001 454; baseline 0.003 -15"><span class='ocrx_word' id='word_1_12' title='bbox 81 396 189 441; x_wconf 87' lang='lat' dir='ltr'>binae</span> <span class='ocrx_word' id='word_1_13' title='bbox 230 396 448 441; x_wconf 83' lang='lat' dir='ltr'>sententiae</span> <span class='ocrx_word' id='word_1_14' title='bbox 485 397 638 454; x_wconf 70' lang='lat' dir='ltr'>insint7</span> <span class='ocrx_word' id='word_1_15' title='bbox 684 404 731 441; x_wconf 94' lang='lat' dir='ltr'>ut</span> <span class='ocrx_word' id='word_1_16' title='bbox 766 397 844 440; x_wconf 84' lang='lat' dir='ltr'>boc</span> <span class='ocrx_word' id='word_1_17' title='bbox 878 397 1001 442; x_wconf 86' lang='lat' dir='ltr'>loco:</span> 
     </span>
    </p>

    <p class='ocr_par' dir='ltr' id='par_1_3' title="bbox 343 476 861 536">
     <span class='ocr_line' id='line_1_4' title="bbox 343 476 861 536; baseline 0 -15"><span class='ocrx_word' id='word_1_18' title='bbox 343 477 495 521; x_wconf 87' lang='lat' dir='ltr'>Hakon</span> <span class='ocrx_word' id='word_1_19' title='bbox 530 477 639 536; x_wconf 83' lang='lat' dir='ltr'>regit</span> <span class='ocrx_word' id='word_1_20' title='bbox 675 483 717 520; x_wconf 89' lang='lat' dir='ltr'>et</span> <span class='ocrx_word' id='word_1_21' title='bbox 753 476 861 521; x_wconf 76' lang='lat' dir='ltr'>viros</span> 
     </span>
    </p>

    <p class='ocr_par' dir='ltr' id='par_1_4' title="bbox 346 555 934 617">
     <span class='ocr_line' id='line_1_5' title="bbox 346 555 934 617; baseline 0.002 -18"><span class='ocrx_word' id='word_1_22' title='bbox 346 555 601 617; x_wconf 84' lang='lat' dir='ltr'>[imperioso</span> <span class='ocrx_word' id='word_1_23' title='bbox 639 557 741 601; x_wconf 87' lang='lat' dir='ltr'>deus</span> <span class='ocrx_word' id='word_1_24' title='bbox 780 564 934 601; x_wconf 88' lang='lat' dir='ltr'>terram</span> 
     </span>
    </p>

    <p class='ocr_par' dir='ltr' id='par_1_5' title="bbox 344 635 951 697">
     <span class='ocr_line' id='line_1_6' title="bbox 344 635 951 697; baseline -0.003 -16"><span class='ocrx_word' id='word_1_25' title='bbox 344 639 434 696; x_wconf 83' lang='lat' dir='ltr'>regi</span> <span class='ocrx_word' id='word_1_26' title='bbox 470 637 614 682; x_wconf 83' lang='lat' dir='ltr'>tribuit</span> <span class='ocrx_word' id='word_1_27' title='bbox 650 651 744 681; x_wconf 85' lang='lat' dir='ltr'>cum</span> <span class='ocrx_word' id='word_1_28' title='bbox 780 635 951 697; x_wconf 81' lang='lat' dir='ltr'>gloria]</span> 
     </span>
    </p>

    <p class='ocr_par' dir='ltr' id='par_1_6' title="bbox 344 717 963 762">
     <span class='ocr_line' id='line_1_7' title="bbox 344 717 963 762; baseline -0.003 0"><span class='ocrx_word' id='word_1_29' title='bbox 344 718 483 762; x_wconf 81' lang='lat' dir='ltr'>hilaris</span> <span class='ocrx_word' id='word_1_30' title='bbox 522 717 756 761; x_wconf 66' lang='lat' dir='ltr'>monarcha}</span> <span class='ocrx_word' id='word_1_31' title='bbox 793 732 963 761; x_wconf 88' lang='lat' dir='ltr'>nomen.</span> 
     </span>
    </p>

    <p class='ocr_par' dir='ltr' id='par_1_7' title="bbox 343 798 1011 860">
     <span class='ocr_line' id='line_1_8' title="bbox 343 798 1011 860; baseline -0.003 -16"><span class='ocrx_word' id='word_1_32' title='bbox 343 799 569 860; x_wconf 83' lang='lat' dir='ltr'>Imperium</span> <span class='ocrx_word' id='word_1_33' title='bbox 606 804 723 842; x_wconf 86' lang='lat' dir='ltr'>tenet</span> <span class='ocrx_word' id='word_1_34' title='bbox 758 798 851 842; x_wconf 81' lang='lat' dir='ltr'>latae</span> <span class='ocrx_word' id='word_1_35' title='bbox 889 804 1011 842; x_wconf 84' lang='lat' dir='ltr'>terrae</span> 
     </span>
    </p>

    <p class='ocr_par' dir='ltr' id='par_1_8' title="bbox 346 879 1142 940">
     <span class='ocr_line' id='line_1_9' title="bbox 346 879 1142 940; baseline -0.003 -15"><span class='ocrx_word' id='word_1_36' title='bbox 346 879 569 940; x_wconf 78' lang='lat' dir='ltr'>[ventosae</span> <span class='ocrx_word' id='word_1_37' title='bbox 606 894 785 923; x_wconf 83' lang='lat' dir='ltr'>camerae</span> <span class='ocrx_word' id='word_1_38' title='bbox 821 894 893 923; x_wconf 81' lang='lat' dir='ltr'>rex</span> <span class='ocrx_word' id='word_1_39' title='bbox 932 879 1142 924; x_wconf 82' lang='lat' dir='ltr'>fortunam</span> 
     </span>
    </p>

    <p class='ocr_par' dir='ltr' id='par_1_9' title="bbox 346 957 983 1022">
     <span class='ocr_line' id='line_1_10' title="bbox 346 957 983 1022; baseline -0.003 -17"><span class='ocrx_word' id='word_1_40' title='bbox 346 961 519 1022; x_wconf 84' lang='lat' dir='ltr'>principi</span> <span class='ocrx_word' id='word_1_41' title='bbox 555 960 774 1005; x_wconf 83' lang='lat' dir='ltr'>destinavit</span> <span class='ocrx_word' id='word_1_42' title='bbox 803 957 983 1019; x_wconf 91' lang='lat' dir='ltr'>juveni]</span> 
     </span>
    </p>

    <p class='ocr_par' dir='ltr' id='par_1_10' title="bbox 346 1040 1063 1101">
     <span class='ocr_line' id='line_1_11' title="bbox 346 1040 1063 1101; baseline -0.003 -15"><span class='ocrx_word' id='word_1_43' title='bbox 346 1058 579 1101; x_wconf 82' lang='lat' dir='ltr'>generosus</span> <span class='ocrx_word' id='word_1_44' title='bbox 616 1041 845 1101; x_wconf 86' lang='lat' dir='ltr'>imperator</span> <span class='ocrx_word' id='word_1_45' title='bbox 880 1040 1063 1085; x_wconf 90' lang='lat' dir='ltr'>omnino.</span> 
     </span>
    </p>
   </div>
   <div class='ocr_carea' id='block_1_3' title="bbox 12 1120 1437 1183">
    <p class='ocr_par' dir='ltr' id='par_1_11' title="bbox 12 1120 1437 1183">
     <span class='ocr_line' id='line_1_12' title="bbox 12 1120 1437 1183; baseline 0.001 -15"><span class='ocrx_word' id='word_1_46' title='bbox 12 1143 13 1176; x_wconf 76' lang='lat'><em>3</em></span> <span class='ocrx_word' id='word_1_47' title='bbox 78 1125 173 1168; x_wconf 88' lang='lat' dir='ltr'>Hoc</span> <span class='ocrx_word' id='word_1_48' title='bbox 203 1122 353 1167; x_wconf 90' lang='lat' dir='ltr'>dicitur</span> <span class='ocrx_word' id='word_1_49' title='bbox 379 1138 707 1181; x_wconf 72' lang='lat' dir='ltr'>MESEMssomoN,</span> <span class='ocrx_word' id='word_1_50' title='bbox 747 1137 840 1183; x_wconf 82' lang='lat' dir='ltr'>quae</span> <span class='ocrx_word' id='word_1_51' title='bbox 868 1120 1149 1182; x_wconf 90' lang='lat' dir='ltr'>pulcherrima</span> <span class='ocrx_word' id='word_1_52' title='bbox 1168 1121 1338 1167; x_wconf 78' lang='lat' dir='ltr'>variatio</span> <span class='ocrx_word' id='word_1_53' title='bbox 1357 1130 1437 1169; x_wconf 89' lang='lat' dir='ltr'>est.</span> 
     </span>
    </p>
   </div>
   <div class='ocr_carea' id='block_1_4' title="bbox 11 1202 1439 1345">
    <p class='ocr_par' dir='ltr' id='par_1_12' title="bbox 11 1202 1439 1345">
     <span class='ocr_line' id='line_1_13' title="bbox 81 1202 1438 1265; baseline 0 -16"><span class='ocrx_word' id='word_1_54' title='bbox 81 1204 222 1249; x_wconf 89' lang='lat' dir='ltr'>Tertia</span> <span class='ocrx_word' id='word_1_55' title='bbox 250 1204 411 1264; x_wconf 91' lang='lat' dir='ltr'>species</span> <span class='ocrx_word' id='word_1_56' title='bbox 439 1210 526 1263; x_wconf 71' lang='lat' dir='ltr'>est,</span> <span class='ocrx_word' id='word_1_57' title='bbox 565 1219 694 1264; x_wconf 90' lang='lat' dir='ltr'>quum</span> <span class='ocrx_word' id='word_1_58' title='bbox 723 1204 865 1263; x_wconf 88' lang='lat' dir='ltr'>plures</span> <span class='ocrx_word' id='word_1_59' title='bbox 895 1202 1137 1262; x_wconf 79' lang='lat' dir='ltr'>sententiae,</span> <span class='ocrx_word' id='word_1_60' title='bbox 1175 1220 1301 1265; x_wconf 90' lang='lat' dir='ltr'>quam</span> <span class='ocrx_word' id='word_1_61' title='bbox 1329 1205 1438 1264; x_wconf 75' lang='lat' dir='ltr'>duae,</span> 
     </span>
     <span class='ocr_line' id='line_1_14' title="bbox 11 1275 1439 1345; baseline 0.001 -17"><span class='ocrx_word' id='word_1_62' title='bbox 11 1275 13 1321; x_wconf 66' lang='grc' dir='ltr'>Ῑ</span> <span class='ocrx_word' id='word_1_63' title='bbox 80 1285 292 1345; x_wconf 81' lang='lat' dir='ltr'>stropham</span> <span class='ocrx_word' id='word_1_64' title='bbox 320 1292 545 1345; x_wconf 78' lang='lat' dir='ltr'>occupant,</span> <span class='ocrx_word' id='word_1_65' title='bbox 584 1285 806 1345; x_wconf 84' lang='lat' dir='ltr'>postremis</span> <span class='ocrx_word' id='word_1_66' title='bbox 833 1284 1024 1329; x_wconf 89' lang='lat' dir='ltr'>versibus</span> <span class='ocrx_word' id='word_1_67' title='bbox 1053 1285 1301 1330; x_wconf 82' lang='lat' dir='ltr'>sententiam</span> <span class='ocrx_word' id='word_1_68' title='bbox 1330 1301 1439 1331; x_wconf 90' lang='lat' dir='ltr'>con-</span> 
     </span>
    </p>
   </div>
   <div class='ocr_carea' id='block_1_5' title="bbox 12 1365 876 1426">
    <p class='ocr_par' dir='ltr' id='par_1_13' title="bbox 12 1365 876 1426">
     <span class='ocr_line' id='line_1_15' title="bbox 12 1365 876 1426; baseline 0.001 -18"><span class='ocrx_word' id='word_1_69' title='bbox 12 1388 15 1424; x_wconf 19' lang='grc' dir='ltr'>μ</span> <span class='ocrx_word' id='word_1_70' title='bbox 80 1365 372 1425; x_wconf 81' lang='lat' dir='ltr'>cludentibus⁷</span> <span class='ocrx_word' id='word_1_71' title='bbox 409 1371 456 1410; x_wconf 91' lang='lat' dir='ltr'>ut</span> <span class='ocrx_word' id='word_1_72' title='bbox 492 1366 532 1409; x_wconf 94' lang='lat' dir='ltr'>in</span> <span class='ocrx_word' id='word_1_73' title='bbox 569 1365 876 1426; x_wconf 88' lang='lat' dir='ltr'>sequentibus:</span> 
     </span>
    </p>
   </div>
   <div class='ocr_carea' id='block_1_6' title="bbox 199 1445 1437 2073">
    <p class='ocr_par' dir='ltr' id='par_1_14' title="bbox 165 1445 1437 2073">
     <span class='ocr_line' id='line_1_16' title="bbox 247 1445 1032 1492; baseline -0.001 -1"><span class='ocrx_word' id='word_1_74' title='bbox 247 1447 404 1492; x_wconf 77' lang='lat' dir='ltr'>Olavus</span> <span class='ocrx_word' id='word_1_75' title='bbox 442 1446 605 1490; x_wconf 87' lang='lat' dir='ltr'>ethnica</span> <span class='ocrx_word' id='word_1_76' title='bbox 641 1447 732 1490; x_wconf 85' lang='lat' dir='ltr'>sana</span> <span class='ocrx_word' id='word_1_77' title='bbox 769 1445 1032 1491; x_wconf 87' lang='lat' dir='ltr'>combussit.</span> 
     </span>
     <span class='ocr_line' id='line_1_17' title="bbox 246 1525 1222 1587; baseline -0.002 -14"><span class='ocrx_word' id='word_1_78' title='bbox 246 1529 423 1587; x_wconf 82' lang='lat' dir='ltr'>Magnus</span> <span class='ocrx_word' id='word_1_79' title='bbox 461 1527 499 1570; x_wconf 88' lang='lat' dir='ltr'>in</span> <span class='ocrx_word' id='word_1_80' title='bbox 537 1526 722 1572; x_wconf 87' lang='lat' dir='ltr'>subitum</span> <span class='ocrx_word' id='word_1_81' title='bbox 757 1526 988 1587; x_wconf 89' lang='lat' dir='ltr'>periculum</span> <span class='ocrx_word' id='word_1_82' title='bbox 1023 1525 1222 1572; x_wconf 82' lang='lat' dir='ltr'>incidit..</span> 
     </span>
     <span class='ocr_line' id='line_1_18' title="bbox 244 1607 1042 1653; baseline 0 -1"><span class='ocrx_word' id='word_1_83' title='bbox 244 1608 491 1653; x_wconf 77' lang='lat' dir='ltr'>Audivimus</span> <span class='ocrx_word' id='word_1_84' title='bbox 527 1607 760 1653; x_wconf 88' lang='lat' dir='ltr'>Haraldum</span> <span class='ocrx_word' id='word_1_85' title='bbox 796 1607 1042 1652; x_wconf 89' lang='lat' dir='ltr'>bellicosum</span> 
     </span>
     <span class='ocr_line' id='line_1_19' title="bbox 244 1688 1091 1748; baseline 0 -15"><span class='ocrx_word' id='word_1_86' title='bbox 244 1688 349 1748; x_wconf 89' lang='lat' dir='ltr'>Ejus</span> <span class='ocrx_word' id='word_1_87' title='bbox 386 1689 492 1734; x_wconf 86' lang='lat' dir='ltr'>filius</span> <span class='ocrx_word' id='word_1_88' title='bbox 529 1703 638 1733; x_wconf 88' lang='lat' dir='ltr'>nunc</span> <span class='ocrx_word' id='word_1_89' title='bbox 674 1688 842 1748; x_wconf 82' lang='lat' dir='ltr'>negotia</span> <span class='ocrx_word' id='word_1_90' title='bbox 879 1688 1091 1748; x_wconf 87' lang='lat' dir='ltr'>suscepit:</span> 
     </span>
     <span class='ocr_line' id='line_1_20' title="bbox 245 1768 1437 1830; baseline 0 -16"><span class='ocrx_word' id='word_1_91' title='bbox 245 1770 386 1830; x_wconf 90' lang='lat' dir='ltr'>populi</span> <span class='ocrx_word' id='word_1_92' title='bbox 425 1769 580 1814; x_wconf 90' lang='lat' dir='ltr'>amicus</span> <span class='ocrx_word' id='word_1_93' title='bbox 617 1768 815 1812; x_wconf 87' lang='lat' dir='ltr'>morbum</span> <span class='ocrx_word' id='word_1_94' title='bbox 851 1768 942 1812; x_wconf 84' lang='lat' dir='ltr'>vitae</span> <span class='ocrx_word' id='word_1_95' title='bbox 978 1768 1258 1829; x_wconf 88' lang='lat' dir='ltr'>periculosum</span> <span class='ocrx_word' id='word_1_96' title='bbox 1296 1769 1437 1829; x_wconf 85' lang='lat' dir='ltr'>cepit.</span> 
     </span>
     <span class='ocr_line' id='line_1_21' title="bbox 250 1849 967 1909; baseline -0.001 -14.106"><span class='ocrx_word' id='word_1_97' title='bbox 250 1850 502 1896; x_wconf 88' lang='lat' dir='ltr'>occumbere</span> <span class='ocrx_word' id='word_1_98' title='bbox 538 1850 578 1894; x_wconf 92' lang='lat' dir='ltr'>in</span> <span class='ocrx_word' id='word_1_99' title='bbox 612 1849 787 1909; x_wconf 85' lang='lat' dir='ltr'>Anglica</span> <span class='ocrx_word' id='word_1_100' title='bbox 825 1856 935 1894; x_wconf 84' lang='lat' dir='ltr'>terra</span> <span class='ocrx_word' id='word_1_101' title='bbox 957 1883 967 1894; x_wconf 89' lang='lat'>.</span> 
     </span>
     <span class='ocr_line' id='line_1_22' title="bbox 199 1928 1331 1991; baseline -0.001 -15"><span class='ocrx_word' id='word_1_102' title='bbox 199 1966 234 1976; x_wconf 91' lang='lat'>..</span> <span class='ocrx_word' id='word_1_103' title='bbox 255 1931 412 1976; x_wconf 88' lang='lat' dir='ltr'>morbis</span> <span class='ocrx_word' id='word_1_104' title='bbox 450 1931 682 1990; x_wconf 68' lang='lat' dir='ltr'>cruciatus7</span> <span class='ocrx_word' id='word_1_105' title='bbox 727 1945 858 1991; x_wconf 89' lang='lat' dir='ltr'>quum</span> <span class='ocrx_word' id='word_1_106' title='bbox 893 1929 1006 1974; x_wconf 85' lang='lat' dir='ltr'>bella</span> <span class='ocrx_word' id='word_1_107' title='bbox 1041 1928 1331 1989; x_wconf 83' lang='lat' dir='ltr'>gerebantur.</span> 
     </span>
     <span class='ocr_line' id='line_1_23' title="bbox 229 2009 1146 2073; baseline -0.003 -16"><span class='ocrx_word' id='word_1_108' title='bbox 229 2013 325 2057; x_wconf 82' lang='lat' dir='ltr'>‚ille</span> <span class='ocrx_word' id='word_1_109' title='bbox 362 2013 432 2073; x_wconf 92' lang='lat' dir='ltr'>qui</span> <span class='ocrx_word' id='word_1_110' title='bbox 470 2012 644 2072; x_wconf 82' lang='lat' dir='ltr'>egregio</span> <span class='ocrx_word' id='word_1_111' title='bbox 682 2027 781 2056; x_wconf 88' lang='lat' dir='ltr'>casu</span> <span class='ocrx_word' id='word_1_112' title='bbox 817 2011 932 2055; x_wconf 93' lang='lat' dir='ltr'>humi</span> <span class='ocrx_word' id='word_1_113' title='bbox 967 2009 1146 2055; x_wconf 89' lang='lat' dir='ltr'>cecidit.</span> 
     </span>
    </p>
   </div>
   <div class='ocr_carea' id='block_1_7' title="bbox 11 2090 1440 2154">
    <p class='ocr_par' dir='ltr' id='par_1_15' title="bbox 11 2090 1440 2154">
     <span class='ocr_line' id='line_1_24' title="bbox 11 2090 1440 2154; baseline -0.001 -16"><span class='ocrx_word' id='word_1_114' title='bbox 11 2142 13 2147; x_wconf 25' lang='lat'><strong>¹</strong></span> <span class='ocrx_word' id='word_1_115' title='bbox 79 2093 159 2138; x_wconf 87' lang='lat' dir='ltr'>Hic</span> <span class='ocrx_word' id='word_1_116' title='bbox 194 2109 337 2138; x_wconf 85' lang='lat' dir='ltr'>versus</span> <span class='ocrx_word' id='word_1_117' title='bbox 375 2100 547 2154; x_wconf 88' lang='lat' dir='ltr'>quartus</span> <span class='ocrx_word' id='word_1_118' title='bbox 586 2099 628 2137; x_wconf 91' lang='lat' dir='ltr'>et</span> <span class='ocrx_word' id='word_1_119' title='bbox 673 2092 842 2153; x_wconf 91' lang='lat' dir='ltr'>quintus</span> <span class='ocrx_word' id='word_1_120' title='bbox 890 2091 1141 2136; x_wconf 87' lang='lat' dir='ltr'>sententiam</span> <span class='ocrx_word' id='word_1_121' title='bbox 1187 2090 1440 2151; x_wconf 88' lang='lat' dir='ltr'>conjunctim</span> 
     </span>
    </p>
   </div>
   <div class='ocr_carea' id='block_1_8' title="bbox 11 2156 1442 2328">
    <p class='ocr_par' dir='ltr' id='par_1_16' title="bbox 11 2156 1442 2328">
     <span class='ocr_line' id='line_1_25' title="bbox 11 2156 1442 2233; baseline -0.001 -15"><span class='ocrx_word' id='word_1_122' title='bbox 11 2156 20 2228; x_wconf 45' lang='lat'>[3</span> <span class='ocrx_word' id='word_1_123' title='bbox 82 2173 298 2233; x_wconf 71' lang='lat' dir='ltr'>efficiunt,</span> <span class='ocrx_word' id='word_1_124' title='bbox 353 2190 498 2219; x_wconf 84' lang='lat' dir='ltr'>versus</span> <span class='ocrx_word' id='word_1_125' title='bbox 542 2173 688 2219; x_wconf 88' lang='lat' dir='ltr'>tertius</span> <span class='ocrx_word' id='word_1_126' title='bbox 733 2180 775 2217; x_wconf 89' lang='lat' dir='ltr'>et</span> <span class='ocrx_word' id='word_1_127' title='bbox 811 2178 953 2217; x_wconf 82' lang='lat' dir='ltr'>sextus</span> <span class='ocrx_word' id='word_1_128' title='bbox 990 2188 1065 2233; x_wconf 91' lang='lat' dir='ltr'>per</span> <span class='ocrx_word' id='word_1_129' title='bbox 1102 2187 1147 2216; x_wconf 91' lang='lat' dir='ltr'>se</span> <span class='ocrx_word' id='word_1_130' title='bbox 1184 2171 1442 2217; x_wconf 89' lang='lat' dir='ltr'>constituunt</span> 
     </span>
     <span class='ocr_line' id='line_1_26' title="bbox 11 2237 1442 2328; baseline -0.002 -29"><span class='ocrx_word' id='word_1_131' title='bbox 11 2237 19 2328; x_wconf 25' lang='grc' dir='ltr'>ἸΙ</span> <span class='ocrx_word' id='word_1_132' title='bbox 82 2255 368 2313; x_wconf 79' lang='lat' dir='ltr'>sententiam3</span> <span class='ocrx_word' id='word_1_133' title='bbox 440 2254 582 2315; x_wconf 87' lang='lat' dir='ltr'>sicque</span> <span class='ocrx_word' id='word_1_134' title='bbox 639 2260 820 2315; x_wconf 91' lang='lat' dir='ltr'>quatuor</span> <span class='ocrx_word' id='word_1_135' title='bbox 863 2253 1038 2313; x_wconf 76' lang='lat' dir='ltr'>integrae</span> <span class='ocrx_word' id='word_1_136' title='bbox 1083 2252 1301 2297; x_wconf 84' lang='lat' dir='ltr'>sententiae</span> <span class='ocrx_word' id='word_1_137' title='bbox 1347 2252 1442 2297; x_wconf 88' lang='lat' dir='ltr'>huic</span> 
     </span>
    </p>
   </div>
   <div class='ocr_carea' id='block_1_9' title="bbox 14 2332 1440 2397">
    <p class='ocr_par' dir='ltr' id='par_1_17' title="bbox 14 2332 1440 2397">
     <span class='ocr_line' id='line_1_27' title="bbox 14 2332 1440 2397; baseline -0.002 -17"><span class='ocrx_word' id='word_1_138' title='bbox 14 2344 22 2397; x_wconf 41' lang='grc' dir='ltr'>ι’,</span> <span class='ocrx_word' id='word_1_139' title='bbox 81 2335 283 2396; x_wconf 67' lang='lat' dir='ltr'>strophae,</span> <span class='ocrx_word' id='word_1_140' title='bbox 325 2351 418 2397; x_wconf 85' lang='lat' dir='ltr'>quae</span> <span class='ocrx_word' id='word_1_141' title='bbox 446 2335 572 2380; x_wconf 91' lang='lat' dir='ltr'>modo</span> <span class='ocrx_word' id='word_1_142' title='bbox 601 2335 722 2379; x_wconf 83' lang='lat' dir='ltr'>allata</span> <span class='ocrx_word' id='word_1_143' title='bbox 751 2340 830 2395; x_wconf 73' lang='lat' dir='ltr'>est,</span> <span class='ocrx_word' id='word_1_144' title='bbox 859 2334 1016 2379; x_wconf 87' lang='lat' dir='ltr'>insunt.</span> <span class='ocrx_word' id='word_1_145' title='bbox 1087 2334 1250 2388; x_wconf 85' lang='lat' dir='ltr'>Quarta</span> <span class='ocrx_word' id='word_1_146' title='bbox 1278 2332 1440 2393; x_wconf 90' lang='lat' dir='ltr'>species</span> 
     </span>
    </p>
   </div>
   <div class='ocr_carea' id='block_1_10' title="bbox 0 0 38 3294">
    <p class='ocr_par' dir='ltr' id='par_1_18' title="bbox 0 0 38 3294">
     <span class='ocr_line' id='line_1_28' title="bbox 0 0 38 3294; baseline 0 0"><span class='ocrx_word' id='word_1_147' title='bbox 0 0 38 3294; x_wconf 95' lang='lat' dir='ltr'> </span> 
     </span>
    </p>
   </div>
   <div class='ocr_carea' id='block_1_11' title="bbox 11 2413 1442 2557">
    <p class='ocr_par' dir='ltr' id='par_1_19' title="bbox 11 2413 1442 2557">
     <span class='ocr_line' id='line_1_29' title="bbox 11 2413 1442 2477; baseline -0.002 -17"><span class='ocrx_word' id='word_1_148' title='bbox 11 2414 22 2475; x_wconf 50' lang='grc' dir='ltr'>’ᾗ</span> <span class='ocrx_word' id='word_1_149' title='bbox 83 2415 271 2476; x_wconf 88' lang='lat' dir='ltr'>ejusdem</span> <span class='ocrx_word' id='word_1_150' title='bbox 308 2415 454 2475; x_wconf 82' lang='lat' dir='ltr'>figurae</span> <span class='ocrx_word' id='word_1_151' title='bbox 492 2422 585 2475; x_wconf 75' lang='lat' dir='ltr'>est,</span> <span class='ocrx_word' id='word_1_152' title='bbox 624 2431 754 2477; x_wconf 92' lang='lat' dir='ltr'>quum</span> <span class='ocrx_word' id='word_1_153' title='bbox 790 2414 883 2459; x_wconf 86' lang='lat' dir='ltr'>duae</span> <span class='ocrx_word' id='word_1_154' title='bbox 918 2413 1136 2459; x_wconf 82' lang='lat' dir='ltr'>sententiae</span> <span class='ocrx_word' id='word_1_155' title='bbox 1172 2413 1330 2474; x_wconf 88' lang='lat' dir='ltr'>pariter</span> <span class='ocrx_word' id='word_1_156' title='bbox 1366 2428 1442 2473; x_wconf 89' lang='lat' dir='ltr'>per</span> 
     </span>
     <span class='ocr_line' id='line_1_30' title="bbox 83 2493 1440 2557; baseline -0.003 -17.18"><span class='ocrx_word' id='word_1_157' title='bbox 83 2496 296 2556; x_wconf 88' lang='lat' dir='ltr'>stropham</span> <span class='ocrx_word' id='word_1_158' title='bbox 333 2496 599 2556; x_wconf 77' lang='lat' dir='ltr'>procedunt7</span> <span class='ocrx_word' id='word_1_159' title='bbox 655 2512 832 2557; x_wconf 89' lang='lat' dir='ltr'>quarum</span> <span class='ocrx_word' id='word_1_160' title='bbox 876 2494 1051 2553; x_wconf 80' lang='lat' dir='ltr'>singulae</span> <span class='ocrx_word' id='word_1_161' title='bbox 1087 2495 1125 2538; x_wconf 94' lang='lat' dir='ltr'>in</span> <span class='ocrx_word' id='word_1_162' title='bbox 1163 2493 1440 2553; x_wconf 85' lang='lat' dir='ltr'>semistropha</span> 
     </span>
    </p>
   </div>
   <div class='ocr_carea' id='block_1_12' title="bbox 444 2605 1432 2611">
    <p class='ocr_par' dir='ltr' id='par_1_20' title="bbox 444 2605 1432 2611">
     <span class='ocr_line' id='line_1_31' title="bbox 444 2605 1432 2611; baseline 0 0"><span class='ocrx_word' id='word_1_163' title='bbox 444 2605 1432 2611; x_wconf 95' lang='lat' dir='ltr'> </span> 
     </span>
    </p>
   </div>
   <div class='ocr_carea' id='block_1_13' title="bbox 81 2659 1439 2768">
    <p class='ocr_par' dir='ltr' id='par_1_21' title="bbox 81 2659 1439 2768">
     <span class='ocr_line' id='line_1_32' title="bbox 81 2659 1439 2706; baseline -0.001 -10"><span class='ocrx_word' id='word_1_164' title='bbox 81 2668 256 2706; x_wconf 79' lang='lat' dir='ltr'>possunt.</span> <span class='ocrx_word' id='word_1_165' title='bbox 305 2663 417 2705; x_wconf 62' lang='lat' dir='ltr'>attuz,</span> <span class='ocrx_word' id='word_1_166' title='bbox 453 2673 578 2696; x_wconf 75' lang='lat' dir='ltr'>exscr.</span> <span class='ocrx_word' id='word_1_167' title='bbox 605 2664 645 2696; x_wconf 83' lang='lat' dir='ltr'>J.</span> <span class='ocrx_word' id='word_1_168' title='bbox 674 2663 933 2705; x_wconf 80' lang='lat' dir='ltr'>Grunnavic.,·</span> <span class='ocrx_word' id='word_1_169' title='bbox 972 2663 1097 2703; x_wconf 60' lang='lat' dir='ltr'>vinja,</span> <span class='ocrx_word' id='word_1_170' title='bbox 1132 2662 1227 2705; x_wconf 74' lang='lat' dir='ltr'>quod</span> <span class='ocrx_word' id='word_1_171' title='bbox 1252 2661 1360 2694; x_wconf 75' lang='lat' dir='ltr'>habet</span> <span class='ocrx_word' id='word_1_172' title='bbox 1385 2659 1439 2691; x_wconf 78' lang='lat' dir='ltr'>ed-</span> 
     </span>
     <span class='ocr_line' id='line_1_33' title="bbox 85 2723 1084 2768; baseline -0.002 -11"><span class='ocrx_word' id='word_1_173' title='bbox 85 2724 244 2768; x_wconf 62' lang='lat' dir='ltr'>Rastrii,</span> <span class='ocrx_word' id='word_1_174' title='bbox 271 2725 442 2759; x_wconf 77' lang='lat' dir='ltr'>mendum</span> <span class='ocrx_word' id='word_1_175' title='bbox 469 2730 536 2758; x_wconf 79' lang='lat' dir='ltr'>est.</span> <span class='ocrx_word' id='word_1_176' title='bbox 570 2743 614 2749; x_wconf 90' lang='lat'>—-</span> <span class='ocrx_word' id='word_1_177' title='bbox 653 2724 686 2767; x_wconf 71' lang='lat'>⁴)</span> <span class='ocrx_word' id='word_1_178' title='bbox 714 2735 734 2757; x_wconf 89' lang='lat' dir='ltr'>a</span> <span class='ocrx_word' id='word_1_179' title='bbox 761 2724 832 2766; x_wconf 81' lang='lat' dir='ltr'>[in</span> <span class='ocrx_word' id='word_1_180' title='bbox 865 2723 909 2755; x_wconf 81' lang='lat' dir='ltr'><em>W</em></span> <span class='ocrx_word' id='word_1_181' title='bbox 933 2723 1084 2757; x_wconf 76' lang='lat' dir='ltr'>detrita.</span> 
     </span>
    </p>
   </div>
  </div>
 </body>
</html>
