1832 3294
78 252 153 297 ΠΙ·
196 250 362 297 11-12·
522 271 710 304 FIGURAE
736 269 999 304 oRA'rloMS.
1336 251 1422 299 111

272 393 351 437 llic
382 393 523 452 jacent
559 393 758 449 fragmina
795 393 1036 450 ambarum,

272 475 444 533 mulier,
490 479 776 534 quassatarum
815 476 994 519 navium.

24 579 26 590 ι
75 555 210 613 ltcm,
255 555 608 615 quemadmodum
645 555 754 598 hoc:

269 637 349 681 Hic
377 637 464 696 jam
499 635 657 680 cordati
693 643 885 694 gcstorcs
921 637 1046 697 gladii

268 718 416 761 samam
454 715 627 760 audiunt
662 717 823 761 ensium
859 719 1032 763 volatus.

69 798 170 841 Haec
215 797 307 842 vitia
349 800 542 843 Donatus
588 813 680 842 eam
726 798 780 843 ob
825 813 990 843 causam
1035 799 1295 846 barbarismo
1339 802 1420 847 ad-

10 875 16 925 i
68 885 291 937 numerat,
346 880 457 941 quod
502 879 542 923 in
590 895 670 923 una
714 879 866 940 syllaba
910 879 1041 939 fiant,
1097 874 1174 926 etsi
1218 884 1419 929 vocabula

9 944 25 1035 ll
67 959 225 1019 maj0ra
259 960 354 1006 inde
390 966 723 1021 corrumpantur.

169 1072 242 1118 12.
315 1075 608 1118 SOLOEC1s1uus
646 1079 709 1117 est
744 1073 886 1119 vitium
922 1075 1127 1120 sermonis
1164 1077 1415 1136 constructi,

63 1154 221 1213 regulis
247 1162 456 1199 rectarum
484 1154 785 1199 sententiarum
809 1171 1062 1216 repugnans.
1135 1158 1415 1203 Soloecismus

62 1234 101 1279 in
139 1235 301 1280 duabus
337 1244 408 1281 aut
444 1235 631 1297 pluribus
668 1236 854 1296 partibus
891 1239 1090 1284 orationis
1128 1238 1207 1297 fit,
1252 1238 1416 1285 barba-

60 1316 212 1362 rismus
265 1333 364 1362 vero
418 1318 458 1362 in
512 1333 595 1362 una
648 1333 782 1377 voce,
835 1326 882 1364 ut
926 1327 1046 1365 antea
1091 1321 1290 1381 scriptum
1334 1328 1413 1366 est.

61 1398 342 1443 Soloecismus
370 1415 523 1444 nomen
552 1400 722 1444 sortitus
751 1407 815 1445 est
840 1401 891 1445 ab
918 1402 1023 1447 urbe
1044 1402 1170 1446 Soloe
1191 1403 1412 1463 appellata,

19 1476 20 1479 ¹
59 1495 153 1540 quae
188 1495 298 1524 nunc
335 1481 484 1526 dicitur
517 1481 838 1541 Pompejopolis.
909 1482 1047 1542 Hujus
1092 1483 1207 1528 urbis
1244 1483 1411 1543 incolae,

18 1566 23 1611 1
59 1576 188 1621 quum
203 1561 389 1607 Athenas
408 1563 449 1607 in
470 1562 671 1607 Graeciam
691 1563 741 1607 ad
760 1563 944 1622 linguam
959 1565 1148 1609 Graecam
1171 1563 1410 1611 discendam

19 1769 23 1784 ι
55 1737 166 1775 rupte
192 1733 253 1776 W,
287 1731 380 1764 748.
417 1749 462 1754 —-
498 1731 612 1773 Hoec,
645 1741 724 1775 quoe
749 1731 793 1763 de
818 1730 968 1773 origine
992 1731 1157 1765 nominis
1182 1732 1411 1768 Soloecismz·

18 1785 23 1839 l
53 1799 278 1836 narrantur,
306 1793 405 1836 apud
416 1792 604 1824 Donatum
620 1802 695 1825 non
711 1791 973 1834 inveniuntur,
999 1793 1067 1825 sed
1079 1795 1179 1836 apud
1192 1795 1410 1829 Diomedem

20 1842 23 1859 ¹
53 1855 199 1888 similia
225 1856 425 1898 loquutur.-
470 1853 728 1886 ’'Soloecismus
754 1852 876 1885 dicitur
902 1854 1020 1886 Graece
1045 1848 1143 1899 λόγου
1169 1852 1348 1898 αἰκισμὸς,
1373 1856 1409 1889 ld

55 1919 125 1958 est,
159 1915 284 1958 integri
311 1915 482 1949 sermonis
507 1915 698 1958 corruptio:
737 1914 789 1946 vel
816 1923 836 1946 a
862 1914 997 1947 civitate
1024 1914 1174 1959 Ciliciae,
1208 1928 1279 1961 quae
1304 1917 1409 1951 Soloe

53 1976 133 2009 olim
165 1976 362 2020 dIcebatur,
399 1988 488 2010 nunc
520 1976 772 2019 Pompeiopolis
805 1980 972 2019 vocatur,
1011 1977 1111 2017 quus
1144 1977 1288 2020 incolae,
1328 1978 1409 2024 quia

53 2048 211 2072 sermone
249 2042 407 2082 corrupto
452 2039 703 2083 loquebantur,
752 2037 910 2071 similiter
945 2037 1068 2071 vitiose
1104 2040 1279 2083 loquentes
1318 2042 1407 2084 apud

50 2100 281 2132 Athenienses
302 2100 502 2141 σολοικίζειν
523 2100 740 2141 dicebantur,
767 2100 852 2131 unde
872 2099 991 2132 vitium
1016 2100 1257 2134 soloecismum
1278 2102 1405 2135 dictum

52 2163 128 2203 est3
161 2161 266 2194 latine
290 2173 310 2194 a
335 2161 534 2205 quibusdam
561 2161 733 2202 stribiligo
760 2161 970 2204 appellatur:
997 2161 1051 2194 vel
1076 2172 1096 2194 a
1121 2162 1266 2205 Solone,
1292 2163 1404 2205 leg-um

51 2226 211 2264 auctore,
236 2223 290 2267 qui
316 2223 551 2256 indifferenter
575 2223 710 2255 locutus
737 2222 832 2262 est⁷’‚
867 2222 1063 2256 Diomedis
1090 2224 1133 2255 de
1161 2224 1343 2258 Oratione
1369 2230 1407 2259 et

47 2284 224 2328 partibus
244 2284 433 2317 orationis
456 2289 490 2317 et
510 2284 619 2317 vario
641 2294 779 2326 yenere
799 2288 1004 2317 metrorum
1022 2284 1114 2317 libri
1127 2285 1209 2328 HL,
1237 2286 1324 2319 libr.
1337 2286 1402 2330 ΙΙ.,

18 2382 19 2387 ¹
49 2346 148 2388 apud
159 2345 314 2379 Putsch.
331 2347 398 2378 col.
412 2345 510 2378 448.
534 2364 578 2368 ἡ
603 2345 696 2378 Isid.
714 2346 818 2388 Oriq.
832 2345 917 2377 Lib.
934 2346 962 2377 Ι.
980 2357 1008 2378 c.
1024 2346 1099 2378 32:
1125 2346 1268 2380 ”Dictus
1291 2352 1403 2382 autem

49 2406 279 2440 soloecismus
302 2418 323 2440 a
345 2407 472 2440 civibus
490 2406 667 2448 Cilicibus,
692 2406 746 2450 qui
771 2418 809 2440 ex
830 2406 912 2439 urbe
930 2407 1032 2439 Soloe
1053 2407 1098 2449 (i.
1114 2419 1142 2440 e.
1158 2402 1303 2452 Σόλοι),
1330 2421 1403 2454 quae

48 2477 134 2501 nunc
147 2468 396 2512 Pompejopolis
415 2468 623 2511 appellatur,
648 2467 809 2511 profecti,
836 2479 910 2501 cum
930 2470 1014 2511 apud
1030 2469 1136 2502 ltalos
1151 2474 1401 2503 commorantes

17 2570 19 2575 Α
48 2539 144 2563 suam
178 2534 210 2563 et
243 2530 379 2563 illorum
411 2529 562 2571 linguam
597 2529 724 2563 vitiose
761 2529 1100 2573 inconvenienterque
1137 2531 1400 2574 confunderent,

48 2590 257 2624 Soloecismo
278 2602 399 2624 nomen
421 2590 619 2623 dederunt⁷'.
669 2591 736 2624 Sed
757 2593 798 2624 F.
813 2591 934 2624 Sorani
956 2591 1153 2624 Thesaurus
1175 2592 1237 2624 sub
1262 2595 1399 2626 Sonos:

48 2651 157 2685 ’‘hano
183 2653 353 2685 civitatem
377 2653 481 2686 Solon
508 2652 699 2685 aedificasse
725 2656 758 2685 et
784 2663 803 2685 a
829 2663 890 2685 suo
917 2653 1051 2685 nomine
1074 2653 1176 2685 Solos
1202 2654 1399 2696 appellasse

48 2712 180 2746 dicitur.
229 2715 482 2758 Athenienses,
508 2725 591 2759 quos
617 2714 756 2748 colonos
784 2714 828 2747 ibi
855 2718 1048 2756 statuerat,
1075 2715 1116 2748 ab
1141 2715 1257 2749 Attica.
1280 2715 1398 2758 lingua

18 2747 22 2800 i
48 2774 298 2809 desciverunt’'.

3 2855 11 2922 t
