1832 3294
60 201 134 246 IV·
169 199 279 247 4-5·
524 216 712 250 mamm
746 215 1005 249 onssioms.
1316 197 1408 244 201

59 353 227 398 semper
270 337 467 383 deformis
512 336 725 394 habetur,
772 337 849 382 etsi
896 338 935 382 in
971 337 1089 399 poesi
1127 343 1299 382 ornatus
1343 344 1415 382 aut

58 419 319 464 necessitatis
356 433 480 463 causa
517 424 759 478 usurpetur.

159 528 204 574 5.
274 532 578 574 PnosoPoPOEm
615 529 1020 592 (προσωποποιΐα)
1059 536 1123 574 est
1153 528 1414 588 interpositio

58 624 175 654 novae
219 625 444 670 personae,
497 608 717 669 tribusque
762 608 896 653 modis
942 610 1017 654 fit:
1070 610 1235 670 primo,
1284 624 1413 669 quum

58 694 184 750 poeta
221 689 318 735 dicit
353 688 495 747 (facit)
532 704 621 733 rem
651 689 872 733 animatam
902 690 1056 750 alloqui
1084 706 1173 735 rem
1203 690 1412 735 inanima—

6 759 8 784 l
59 776 166 829 tam,
203 777 251 815 ut
285 771 364 814 hoc
398 770 522 814 loco:

257 852 412 909 Terra,
449 851 567 895 malis
603 850 785 909 imbuta,
824 850 892 894 lue

256 946 401 991 poenas
438 931 623 992 turpium
660 929 898 976 scelerum!

258 1011 352 1057 Tibi
387 1011 511 1056 nimia
548 1011 808 1056 contumacia

257 1092 538 1150 calamitates,
576 1091 784 1150 Islandia,
823 1091 1000 1136 adseret.

257 1174 388 1217 Terra
423 1172 640 1233 pervicax,
677 1171 909 1217 timendum
945 1171 1019 1216 tibi
1056 1179 1120 1217 est

254 1252 440 1312 bellum,
478 1252 554 1296 nisi
590 1252 722 1313 probe
759 1267 920 1296 morem
958 1267 1080 1311 geras
1117 1253 1200 1311 eis,

259 1333 406 1392 gladiis
444 1333 514 1394 qui
549 1348 645 1377 raro
681 1339 872 1377 utuntur.

256 1413 338 1457 Hic
372 1429 513 1458 mores
548 1413 735 1457 mutandi
773 1419 884 1457 sunt.

13 1479 15 1508 ³
57 1493 138 1538 Hic
181 1497 340 1554 poe'ta,
390 1494 570 1552 figuram
615 1500 890 1537 memoratam
936 1493 1175 1550 adhibens,
1222 1492 1412 1538 subditos

57 1574 275 1633 hortatur,
322 1580 370 1618 ut
404 1573 651 1634 praesidihus
687 1574 796 1618 hene
832 1589 994 1618 morem
1031 1579 1212 1633 gerant,
1258 1580 1413 1618 terram

59 1655 314 1715 compellans
348 1655 440 1698 loco
476 1660 630 1698 terram
666 1654 949 1699 incolentium.
1035 1655 1075 1698 A
1110 1669 1155 1698 re
1193 1654 1414 1698 inanimata

58 1733 110 1778 ad
145 1735 390 1794 animatam,
433 1740 481 1779 ut
515 1735 595 1779 hoc
630 1735 753 1779 loco:

385 1816 552 1875 Aquam
588 1830 656 1859 me
692 1822 840 1859 vocant

388 1895 500 1954 regis
536 1895 735 1940 coelestis.

388 1976 494 2020 Auri
530 1976 753 2035 praebitor,

388 2063 429 2101 te
466 2055 740 2100 confirmabo.

385 2138 479 2196 Ego
515 2136 653 2181 omnia
688 2152 852 2196 purgo,

388 2232 470 2276 ego
506 2216 655 2276 frigida
691 2217 885 2276 calfacio,

387 2312 468 2357 ego
504 2297 637 2342 visum
673 2298 830 2342 clarum
864 2296 1032 2356 reddo,

387 2393 467 2437 ego
504 2378 700 2423 damnum
736 2394 903 2439 reparo.

58 2459 152 2504 Hoc
176 2459 267 2503 loco
298 2459 563 2520 eleemosyna
593 2458 742 2503 (licitur
767 2474 812 2503 se
840 2458 1050 2519 appellare
1070 2473 1221 2519 aquam
1243 2460 1411 2519 Christi,

58 2539 316 2601 virtutesque
353 2556 448 2584 suas
486 2547 735 2599 enumerat,
773 2540 986 2584 hominem
1022 2539 1073 2583 ad
1109 2540 1412 2599 benignitatem

58 2620 244 2666 hortans.
314 2623 422 2667 Nam
452 2621 558 2667 sicut
585 2637 694 2683 aqua
721 2621 860 2681 ignem
890 2636 1141 2682 corporeum
1170 2621 1411 2682 exstinguit,
