1878 3309
587 243 647 274 υΕ
683 242 973 274 Aquussro.
1444 224 1472 269 5

118 364 223 410 fides
267 365 457 410 habenda
500 370 593 422 est,
640 363 778 423 prouti
823 363 862 407 in
899 364 1030 424 prima
1066 364 1188 424 hujus
1224 363 1316 409 libri
1353 372 1469 426 parte

120 446 452 491 demonstratum
487 450 583 503 est,
620 459 700 504 qua
734 444 895 489 ratione
931 460 1097 489 errores
1135 446 1199 504 (in
1233 445 1362 491 rebus
1401 446 1470 491 di-

118 526 243 585 vinis)
274 524 532 586 multiplicati
559 524 655 569 sint.
725 525 867 586 Atque
895 541 988 570 eam
1016 526 1071 571 ob
1098 541 1288 572 caussam
1315 531 1466 588 poetae,

118 608 190 669 qui
208 622 304 653 vera
322 606 525 666 religione
544 621 626 650 non
646 612 767 650 erant
784 604 948 666 imbuti,
985 606 1063 652 sibi
1083 608 1260 669 quisque
1279 609 1469 668 regulam

120 688 308 748 (regulas
336 687 544 748 poeticas)
574 685 947 748 praescripserunt,
982 687 1099 748 quod
1129 688 1312 734 Odinem
1343 689 1469 734 deum

118 769 272 827 fuisse,
309 768 486 830 ejusque
514 767 690 813 asseclas
718 767 755 813 vi
784 767 917 812 divina
946 768 1142 829 praeditos
1173 769 1467 828 crediderunt,

121 856 166 895 ut
199 865 251 895 ex
286 850 428 894 multis
463 850 586 910 hujus
614 847 708 893 libri
737 848 1042 894 narrationibus
1072 849 1268 910 (mythis)
1296 851 1469 911 intelligi

118 937 270 992 potest.
338 932 432 976 Jam
451 946 551 976 vero
571 929 968 988 demonstrabimus,
1005 946 1099 992 quae
1116 931 1274 991 regulae
1294 931 1468 992 poeticae

116 1029 139 1057 a
163 1011 467 1058 recentioribus
493 1012 628 1073 poetis
657 1011 874 1073 doctisque
901 1011 1020 1072 viris,
1058 1012 1097 1057 in
1125 1011 1268 1073 primis
1287 1012 1464 1073 clericis,

114 1093 424 1154 permittantur.
492 1093 643 1154 Neque
662 1099 802 1138 tamen
821 1108 872 1138 eo
891 1094 1025 1153 magis
1043 1094 1236 1139 tollemus
1256 1109 1305 1139 ea
1321 1127 1333 1151 ,
1371 1109 1467 1155 qua}

116 1181 280 1220 veteres
300 1181 643 1235 composuerunt,
674 1180 957 1236 praeterquam
976 1189 1070 1236 quae
1089 1174 1182 1219 libri
1200 1175 1468 1220 ecclesiastici

116 1262 272 1302 vetant.
346 1257 427 1301 Est
460 1256 570 1300 enim
605 1257 827 1315 naturale,
873 1271 985 1300 nunc
1018 1271 1070 1301 eo
1107 1255 1368 1302 subtiliorem
1404 1256 1466 1301 his

116 1337 244 1383 rebus
280 1336 468 1382 adhiberi
504 1336 788 1398 diligentiam,
824 1353 908 1399 quo
945 1337 1066 1382 latius
1101 1337 1194 1383 libri
1229 1337 1282 1383 ad
1317 1337 1467 1398 cogni-

116 1419 273 1464 tionem
306 1418 493 1478 frugiferi
527 1419 607 1464 hoc
639 1424 831 1480 tempore
864 1419 1163 1464 diffundantur.
1233 1419 1322 1465 Viri
1358 1418 1467 1463 docti

117 1500 252 1546 clerici
282 1499 434 1545 ordinis
464 1515 738 1561 quoscunque
765 1501 978 1560 reperiant
1005 1500 1134 1546 libros
1161 1499 1465 1546 convertendos

116 1588 264 1627 curant
298 1581 337 1624 in
374 1581 554 1640 linguam
590 1582 852 1626 vernaculam
873 1616 885 1640 ,
922 1598 1015 1642 quae
1051 1583 1090 1627 in
1128 1598 1176 1626 ea
1213 1588 1356 1641 terra,
1395 1581 1466 1626 ubi

118 1670 216 1708 tunc
234 1661 404 1721 degant,
439 1668 680 1722 usurpetur,
716 1677 798 1706 non
819 1663 954 1707 solum
974 1664 1186 1724 quomodo
1208 1662 1467 1723 loquendum

115 1744 182 1803 sit,
220 1741 296 1787 sed
323 1742 450 1787 etiam
476 1758 560 1803 quo
586 1758 707 1802 sono,
742 1744 868 1803 longo
887 1759 939 1788 an
958 1743 1090 1804 brevi,
1127 1760 1277 1805 aspero
1296 1760 1347 1788 an
1367 1744 1465 1803 leni,

114 1839 292 1886 quaeque
320 1824 438 1868 litera
464 1823 663 1884 gaudeat,
695 1830 739 1868 et
756 1840 882 1886 quam
901 1825 1176 1885 quantitatem
1195 1825 1280 1870 sive
1299 1832 1467 1885 tempus

115 1921 293 1968 quaeque
329 1920 474 1950 earum
509 1905 685 1965 habeat,
723 1905 808 1950 sive
846 1921 898 1951 ex
933 1921 980 1951 se
1006 1906 1119 1967 ipsa,
1156 1907 1240 1952 sive
1269 1921 1320 1951 ex
1348 1907 1466 1951 litera

114 1987 387 2032 antecedente
421 1987 485 2030 vel
513 1992 823 2047 consequente,
860 1987 1216 2049 quemadmodum
1238 1987 1356 2033 vobis
1383 1986 1464 2031 de-

112 2068 414 2113 monstrabitur
440 2068 480 2111 in
507 2067 554 2111 iis
583 2068 780 2126 articulis,
816 2069 887 2130 qui
914 2070 954 2114 in
974 2068 1249 2131 sequentibus
1269 2068 1463 2128 descripti

112 2155 210 2194 sunt
228 2147 455 2194 secundum
474 2149 643 2209 regulas
657 2149 1000 2211 orthographicas
1013 2150 1065 2195 ab
1079 2150 1138 2196 eis
1150 2150 1244 2196 viris
1256 2155 1463 2211 receptas,

111 2245 216 2292 quos
236 2230 546 2291 orthographiae
563 2228 672 2275 bene
692 2230 848 2291 peritos
868 2230 995 2276 suisse
1014 2230 1281 2277 arbitramur.
1336 2232 1463 2286 Quo-

109 2326 204 2356 rum
232 2311 311 2356 etsi
337 2326 458 2357 suam
484 2311 661 2372 quisque
695 2312 945 2357 sententiam
980 2328 1057 2358 suo
1090 2312 1217 2359 modo
1245 2312 1463 2373 exprimat,

111 2397 251 2437 tamen
277 2392 320 2437 hi
348 2407 520 2452 omnes,
557 2408 652 2454 quae
677 2393 909 2438 communis
935 2394 1185 2439 existimatio
1205 2400 1285 2454 est,
1322 2394 1462 2437 literas

110 2472 211 2518 scite
238 2473 493 2535 disposuisse
519 2473 728 2519 videntur.
795 2476 904 2521 Nam
941 2475 1091 2536 singuli
1125 2476 1300 2535 linguae,
1337 2488 1463 2535 quam

109 2553 234 2599 locuti
247 2561 360 2615 sunt,
380 2555 679 2600 convenienter
689 2555 830 2600 literas
843 2564 1077 2617 posuerunt
1087 2573 1098 2616 3
1119 2563 1244 2618 atque
1265 2557 1297 2601 si
1316 2570 1461 2600 eorum

109 2649 236 2694 opera
263 2635 372 2681 inter
401 2651 446 2680 se
474 2636 720 2696 contulerIS,
757 2652 808 2681 ex
834 2637 897 2681 his
923 2639 1082 2683 nullum
1110 2639 1277 2683 alterius
1304 2637 1463 2696 regulae

106 2729 343 2775 repugnare
361 2717 564 2778 reperies.
614 2718 778 2763 Primus
798 2718 916 2764 vobis
931 2708 1294 2765 ‘demonstrabitur
1311 2717 1460 2763 modus

110 2795 332 2857 scribendi,
353 2798 521 2859 qualem
537 2798 1015 2847 ThoroddusRu11a1·um
1036 2800 1236 2859 magister
1255 2807 1297 2846 et
1316 2814 1459 2844 sacer-
