1832 3294
6 243 58 287 11.
98 240 205 286 2-3.
541 260 600 291 nn
640 260 923 293 nemnem.
1291 241 1353 290 49

4 382 259 440 verborum,
315 381 484 426 consilio
527 387 570 425 et
611 382 715 426 sacili
761 383 909 443 linguae
952 383 1221 429 volubilitate.
1261 384 1263 387 ’
1309 386 1351 430 Si

3 462 151 507 dentes
197 468 293 507 sunt
337 462 450 508 fracti
499 468 541 506 et
584 453 698 521 rari,
753 463 974 525 linguaque
1011 465 1050 510 in
1086 474 1205 527 septo
1241 466 1351 512 den-

1 544 104 590 tium
140 545 384 602 frustratur,
431 543 509 587 hoc
544 558 781 587 sermonem
817 544 962 605 vitiat,
1009 546 1107 592 item
1145 548 1177 592 si
1213 548 1352 609 lingua

0 641 152 686 magna
189 631 275 684 est,
313 624 441 669 hlaesa
477 624 554 681 fit3
601 624 633 668 si
668 624 733 668 cui
762 624 882 669 nimis
911 642 1059 686 parva,
1097 629 1129 672 is
1164 628 1215 674 de
1251 645 1351 675 nare

1 707 199 768 loquitur.
267 708 449 751 Possunt
483 712 525 750 et
561 705 668 750 labia
698 721 779 750 non
809 705 969 766 integra
998 708 1139 754 vitium
1169 711 1350 756 sermoni

0 788 180 833 adferre.

99 898 145 945 3.
214 898 452 945 Verborum
474 914 643 959 campus
664 906 728 944 est
747 915 806 957 os7
842 899 1174 959 gubernaculum
1193 904 1348 964 lingua.

0 984 45 1027 ln
75 997 125 1026 eo
152 997 297 1041 campo
328 987 479 1025 erectae
507 988 604 1026 sunt
629 981 775 1040 literae7
813 997 905 1042 quae
925 997 1093 1027 omnem
1113 999 1350 1030 sermonem

0 1062 176 1122 faciunt7
214 1062 397 1123 quinque
426 1061 586 1106 circulis
615 1062 880 1108 circumdata}
908 1069 980 1108 aut
1006 1063 1046 1108 in
1074 1064 1222 1110 modos
1253 1081 1350 1111 ser-

0 1144 132 1189 monis
167 1144 350 1189 inclusae.
421 1144 467 1187 In
503 1142 637 1204 primo
673 1143 827 1194 circulo
858 1152 955 1190 sunt
985 1153 1166 1207 quatuor
1193 1147 1349 1206 literae,

0 1241 91 1287 quae
119 1225 313 1270 dicuntur
339 1223 550 1285 capitales7
588 1239 682 1285 quae
703 1225 861 1270 nullum
881 1242 1003 1271 usum
1022 1235 1235 1288 praestant,
1273 1229 1351 1274 nisi

0 1314 44 1352 ut
69 1306 149 1352 sint
175 1305 349 1351 initiales
380 1311 423 1350 et
448 1304 688 1366 praecedant
707 1306 803 1351 alias
824 1307 987 1353 literas:
1018 1309 1082 1369 ῥ,
1120 1325 1172 1369 v,
1210 1307 1264 1370 Ιι,
1302 1326 1347 1373 q.

0 1389 44 1433 In
73 1387 256 1432 secundo
284 1386 437 1431 circulo
467 1393 564 1431 sunt
590 1385 810 1431 duodecim
832 1388 978 1448 literae,
1016 1406 1109 1452 quae
1138 1407 1348 1436 senmoms

0 1465 365 1530 (ma'ls-stafir)
402 1452 624 1525 dicuntur3
669 1484 845 1529 quarum
882 1485 1060 1532 quaeque
1098 1488 1227 1533 quum
1264 1479 1348 1518 tam

0 1549 249 1595 antecedere
293 1565 419 1611 quam
463 1550 662 1611 consequi
698 1550 738 1594 in
783 1552 983 1598 vocabulo
1025 1553 1189 1614 possit,
1235 1553 1348 1598 nulla

2 1638 137 1677 tamen
160 1647 305 1676 earum
323 1647 399 1692 per
417 1646 461 1676 se
481 1646 629 1675 sonum
648 1630 827 1676 reddere
848 1639 1009 1694 potest:
1046 1633 1098 1697 b>
1135 1635 1161 1679 d
1176 1668 1188 1691 ,
1224 1635 1259 1694 f,
1296 1650 1347 1695 g,

0 1706 50 1772 ssk,
88 1712 125 1772 l,
161 1728 226 1772 m,
263 1729 316 1771 n,
354 1728 403 1773 p,
439 1727 483 1770 r,
527 1727 570 1770 S,
608 1718 654 1770 t3
693 1712 839 1758 harum
870 1730 1018 1760 sonum
1047 1715 1346 1777 (potestatem)

0 1793 164 1848 {nomina
208 1799 457 1855 sequuntur.
527 1794 573 1837 In
617 1793 741 1838 tertio
787 1794 940 1840 circulo
984 1802 1082 1841 sunt
1125 1795 1348 1842 duodecim

0 1875 148 1935 literae,
185 1890 278 1936 quae
308 1891 404 1919 som
433 1874 642 1934 (vocales)
671 1874 879 1921 dicuntur.
947 1878 1110 1923 Harum
1139 1877 1348 1923 distinctio

0 1954 88 2002 {talis
117 1962 205 2001 est:
242 1956 378 2017 primo
406 1955 601 2001 dicuntur
626 1957 756 2002 literae
785 1957 836 2016 (i.
856 1973 895 2003 e.
917 1957 1079 2004 vocales
1098 1958 1346 2021 simplices),

0 2023 91 2099 lquae
120 2037 179 2082 sic
205 2036 434 2083 scribendae
460 2042 587 2082 sunt:
640 2052 696 2097 a,
734 2053 783 2098 e,
821 2045 861 2097 i,
899 2054 950 2100 ο,
989 2054 1044 2101 u,
1079 2055 1129 2101 y.
1201 2039 1347 2085 Altera

23 2134 142 2164 arum
177 2118 384 2164 distinctio
434 2124 531 2179 est,
588 2073 701 2181 quod
737 2074 950 2165 dilicuiitur
967 2137 1346 2180 commnmrm,

6 2215 90 2258 ¹uae
118 2199 176 2244 sic
203 2199 434 2245 scribendae
462 2206 588 2245 sunt:
627 2215 692 2260 ω,
730 2215 797 2261 a),
836 2217 896 2248 α).
968 2204 1076 2258 Quae
1103 2209 1190 2248 tres
1218 2202 1349 2247 literae

6 2286 189 2336 constant
206 2280 312 2326 binis
332 2280 542 2326 vocalibus
562 2297 637 2326 suo
658 2282 895 2344 quibusque
918 2284 1010 2328 loco
1029 2283 1347 2343 conglutinatis,

8 2449 35 2496 A)
61 2460 97 2483 v.
114 2460 144 2483 c.
164 2450 251 2482 b-eb
275 2455 355 2492 etc„
382 2449 469 2484 vide
492 2449 675 2483 circulum
695 2454 898 2486 secundum
919 2453 1135 2496 schematis,
1160 2453 1201 2486 in
1223 2453 1352 2486 codice

26 2511 198 2554 patalen-32⁰
211 2511 370 2545 servati.
418 2511 494 2544 Sed
508 2517 642 2545 auctor
656 2513 731 2545 sihi
745 2514 784 2546 ίη
800 2515 869 2548 hac
882 2525 924 2548 re
937 2525 1011 2547 non
1028 2520 1185 2558 constat,
1212 2514 1349 2547 aliam-

9 2554 64 2605 <ιιι
83 2571 190 2615 infra
212 2573 364 2607 insistit
384 2573 497 2616 viam,
527 2578 725 2607 tractatum
746 2577 911 2619 primum
928 2582 1094 2610 secutus.
1118 2595 1161 2600 —
1192 2575 1224 2619 ⁵)
1244 2575 1351 2615 haita,

10 2634 242 2685 ⁴ppellandae,
264 2636 315 2668 W.
330 2655 374 2659 —
388 2634 421 2677 ὓ)
436 2636 588 2669 vocales
604 2636 812 2677 conjunctae
826 2639 887 2671 vel
902 2637 1122 2679 biformatoe.
1136 2655 1180 2660 —
1193 2635 1228 2679 ⁷)
1244 2646 1352 2681 quum

48 2698 84 2726 el
105 2705 131 2726 m
153 2694 262 2737 infra
283 2696 322 2728 in
344 2697 412 2729 hac
429 2696 458 2738 §⁴
477 2698 716 2740 exprimatur
735 2709 807 2742 per
824 2712 863 2749 ιρ,
888 2709 928 2749 9,
953 2694 1031 2735 ‘1521
1046 2698 1250 2742 respondet
1265 2695 1316 2743 τῷ
1331 2706 1351 2728 a

15 2759 183 2788 ructatus
206 2757 335 2801 primi,
360 2769 431 2801 pro
459 2768 526 2803 quo
553 2760 663 2793 eciam
688 2761 728 2793 in
754 2762 858 2795 codd.
881 2771 992 2796 noser.
1018 2760 1208 2794 interdum
1231 2767 1349 2791 usur-

13 2819 129 2859 ,aeur,
155 2817 242 2852 vide
263 2820 358 2852 Fms.
379 2819 453 2852 Vol.
474 2820 536 2853 10.
558 2820 669 2862 proes'.
693 2833 728 2864 p.
751 2833 824 2855 ιιι.

9 2867 16 2949 1
46 2903 90 2935 ιι.
1069 2910 1089 2938 ,

11 2975 16 2994 ι,

12 3011 14 3029 l

0 3070 18 3155 11
