1832 3294
78 215 152 260 ΠΙ.
194 212 267 260 15·
533 229 725 262 mcum:
751 226 1018 260 onA'noNJS.
1333 205 1423 254 145

178 356 414 401 SYLLEPfflS
435 349 720 416 (σύλληψις)
734 349 948 395 dissimiles
968 349 1173 396 clausulas
1194 365 1278 395 uno
1297 348 1424 395 verbo

79 436 271 496 copulat,
309 442 357 480 ut
391 436 470 479 hoc
505 435 627 478 loco:

375 518 573 577 Dynastae
607 512 735 558 habet
768 512 1072 573 praestantiam,

376 595 569 658 principis
605 595 810 653 virtutes⁷

377 678 487 738 regis
523 676 864 734 contentionem,

376 759 561 804 indolem
596 755 897 817 terripotentis.

83 841 246 888 Eadem
266 841 401 900 figura
421 846 509 900 est7
540 840 573 884 si
592 838 765 884 verbum
782 837 952 898 pluralis
971 838 1134 883 numeri
1153 838 1261 898 regit
1279 854 1429 885 nomen

86 924 200 987 quod
226 923 374 969 dicitur
401 921 657 967 collectivum
685 919 903 980 singularis
930 919 1116 979 numeri,
1152 928 1200 966 ut
1218 922 1295 966 hoc
1313 922 1428 967 loco:

265 1003 484 1051 Exercitus
509 1007 755 1063 comparant
784 1016 828 1045 se
856 1000 1024 1062 utrique
1053 1001 1104 1046 ad
1132 1017 1330 1062 pugnam.

86 1084 236 1133 Herr
255 1084 506 1144 (exercitus)
535 1090 599 1129 est
624 1082 742 1127 multi
765 1082 979 1141 homines7
1018 1083 1087 1144 qui
1107 1099 1151 1128 se
1172 1083 1222 1128 ad
1241 1086 1431 1145 proelium

87 1175 247 1230 parant.
283 1169 387 1213 Haec
404 1167 541 1226 figura
558 1180 652 1210 raro
672 1164 713 1208 in
733 1162 984 1209 carminibus
1003 1168 1221 1225 poetarum
1241 1173 1433 1228 septem-

88 1249 323 1295 trionalium
342 1247 559 1293 invenitur.
603 1247 681 1291 Est
700 1252 742 1291 ct
761 1245 973 1306 Syllepsis,
1003 1245 1036 1290 si
1056 1261 1137 1290 una
1155 1262 1223 1292 res
1244 1248 1433 1308 ejusdem

89 1331 256 1392 generis
275 1347 349 1392 pro
370 1329 510 1374 multis
529 1328 657 1374 rebus
676 1327 867 1388 ponitur,
905 1334 951 1371 ut
969 1327 1145 1374 Glumus
1164 1329 1334 1376 cecinit:

352 1410 475 1456 Ensis
512 1409 692 1470 adquirit
725 1408 868 1453 Eiriko

350 1498 509 1536 terram
544 1505 872 1551 aequoreumque
909 1490 1066 1535 lumen.

91 1574 172 1620 Hic
197 1579 369 1619 ensi-9³
394 1573 562 1634 ponitur
590 1588 665 1633 pro
694 1571 832 1616 multis
860 1570 1020 1631 gladiis,
1058 1572 1127 1633 qui
1150 1574 1240 1634 regi
1258 1589 1435 1634 regnum

94 1661 138 1700 et
172 1670 273 1716 opes
308 1653 596 1715 adquirebant.

191 1738 478 1780 HYPOZEUXIS
507 1731 787 1793 (ὑπόζευξις)
825 1734 955 1778 multa
989 1735 1116 1781 verba
1150 1736 1220 1780 uni
1249 1752 1438 1797 personae

96 1816 317 1877 adtribuit,
353 1822 402 1861 ut
433 1816 531 1861 hic:

392 1896 595 1943 Obtineat
629 1896 767 1940 annuli
803 1897 1074 1942 consumtor!

393 1979 541 2023 evehat
576 1984 619 2023 et
653 1977 885 2036 custodiat,

391 2060 564 2105 roboret
599 2066 642 2104 et
676 2059 895 2104 confirmet

394 2148 533 2185 rector
566 2141 684 2200 regni
721 2141 915 2186 coelestis,

102 2309 135 2353 ⁶]
148 2310 243 2343 Puto
266 2319 314 2342 ex
328 2308 450 2354 aliquo
468 2308 631 2342 encomio
649 2308 774 2342 Glumi
790 2309 914 2342 Geirii
935 2310 1010 2351 ficii
1030 2310 1070 2343 in
1086 2310 1260 2343 Eirilcum
1274 2312 1445 2345 Halconis

33 2367 34 2383 ³
102 2371 234 2414 filium.
272 2389 317 2395 —-
363 2368 400 2412 ⁷)
426 2370 529 2410 land,
563 2370 655 2403 748.
692 2389 738 2394 —
785 2371 818 2414 ⁸)
844 2364 1042 2412 ’Ὄπόζευξις
1067 2375 1120 2404 est
1143 2373 1253 2413 figura
1278 2374 1444 2416 superiori

103 2432 301 2475 contraria,
327 2431 380 2464 ubi
408 2431 541 2464 diversa
565 2432 712 2472 sing-ulis
736 2432 900 2465 clausulis
926 2432 1196 2475 subjunguntur,
1222 2438 1278 2466 ut:
1311 2435 1447 2479 Reyem

103 2494 204 2537 adit,
241 2498 276 2526 et
310 2493 393 2536 reqi
424 2498 602 2526 memorat
634 2503 835 2537 nomenque
859 2493 1081 2538 genusque’.
1136 2494 1271 2528 Donat.
1298 2497 1322 2529 l.
1349 2507 1379 2530 c.
1403 2515 1448 2521 —

34 2566 40 2599 χ
103 2554 345 2598 ”Hypozeuxis
370 2557 422 2587 est
446 2556 556 2596 figura
580 2554 747 2597 superiori
773 2555 965 2596 contraria,
992 2555 1046 2587 ubi
1067 2556 1100 2588 in
1123 2556 1269 2598 singulis
1292 2558 1448 2590 sensibus

106 2616 247 2659 propria
283 2616 459 2660 unicuique
493 2615 647 2649 clausula.
680 2616 767 2649 est''.
814 2617 905 2650 lsid.
932 2616 961 2649 1.
986 2616 1054 2650 35.
1102 2635 1147 2641 -
1194 2617 1228 2661 ⁹)
1262 2619 1320 2651 sic
1344 2619 1448 2660 748,-

107 2679 232 2721 styrk‚
262 2677 318 2710 W.

197 2739 236 2781 a)
263 2743 400 2771 vertens
427 2739 568 2771 brundr
593 2749 652 2781 per
677 2748 804 2780 ENSEM,
830 2749 952 2782 sequor
977 2739 1058 2771 lsid.
1084 2739 1180 2781 orig.
1203 2741 1259 2773 lib.
1285 2741 1335 2772 18.
1359 2752 1387 2772 c.
1408 2740 1449 2779 6,

42 2841 46 2856 v
109 2798 237 2832 ”Ensis
262 2801 390 2834 ferrum
415 2804 544 2834 tantum
571 2799 712 2842 dicitur,
747 2811 884 2833 ommes
912 2812 990 2833 vero
1018 2801 1144 2833 totus''.

158 2888 203 2920 ll'.
1154 2892 1193 2922 lo
