1878 3309
37 209 64 251 l»
103 207 208 251 6-7-
549 224 606 254 nic
647 223 931 255 Ahl’nAnE'ro.
1327 205 1386 250 33

67 364 126 405 11·
206 348 262 399 li,
344 347 388 393 Ι,
457 348 524 401 L,
595 361 669 403 m,
748 348 822 401 M,
903 362 959 403 n,
1030 349 1099 404 N,
1170 363 1225 407 p,
1297 349 1359 402 l’,

34 445 139 487 eng,
186 430 269 487 lia,
324 429 392 483 ol,
448 427 530 484 ell,
586 442 684 485 em,
723 443 856 485 emm,
895 444 979 485 en,
1017 444 1119 483 000,
1158 430 1233 489 pe,
1281 444 1384 489 epp,

53 542 105 574 Γπ
176 527 243 579 Ra
330 540 380 580 S,
451 524 509 581 SJ
598 530 643 579 tv
715 525 782 577 T,
870 541 926 581 x>
995 525 1068 579 X,
1157 525 1206 584 1)-

34 623 80 651 er
102 641 112 655 ,
167 622 264 661 err,
320 620 388 659 es,
436 620 525 656 eSS,
581 605 653 661 te,
701 611 791 661 ett,
847 620 929 661 ex,
976 621 1069 649 cxx.

135 735 177 780 7.
263 733 445 777 Literam
466 766 476 784 ,
530 747 623 792 quse
668 731 745 775 hoc
790 731 881 775 1000
917 731 1112 776 scribitur
1148 749 1174 778 c
1194 769 1204 784 .,
1260 750 1384 796 quam

34 817 220 877 plerique
248 814 490 859 Latinorum
520 813 729 873 appellant
757 827 812 857 ce
842 819 883 857 et
910 813 1002 858 loco
1033 812 1209 859 duarum
1239 816 1384 861 litera-

30 914 123 943 rum
153 902 380 956 usurpant,
419 895 574 939 scilicet
603 909 678 954 pro
709 900 728 936 t
752 899 794 937 et
823 908 870 953 s,
910 894 1078 955 quando
1115 911 1206 940 eam
1234 912 1328 941 cum
1359 914 1385 943 e

32 987 104 1024 aut
140 986 157 1023 ι’
191 977 464 1037 conjungant,
504 976 580 1020 etsi
616 991 709 1019 cum
740 989 771 1020 α
801 983 872 1019 aut
901 991 927 1020 ο
955 983 1027 1021 aut
1055 992 1083 1022 v
1122 978 1384 1038 conjunctam

33 1060 301 1122 pronuntient
336 1064 383 1103 ut
416 1056 470 1117 k,
509 1073 592 1119 quo
621 1073 725 1101 sono
754 1058 865 1101 Scoti
895 1057 1071 1102 eandem
1099 1059 1261 1104 literam
1288 1068 1384 1105 ante

31 1157 178 1187 omnes
215 1141 375 1185 vocales
406 1139 518 1184 latini
546 1139 748 1184 sermonis
777 1139 1069 1199 pronuntiant,
1107 1148 1149 1185 et
1177 1143 1386 1202 appellant

32 1222 163 1284 0109,-
217 1223 320 1267 hanc
355 1228 397 1266 et
432 1237 513 1281 ego
550 1218 641 1266 elle
676 1221 840 1281 appello
877 1220 915 1264 in
952 1227 1096 1266 nostro
1132 1223 1383 1284 alphabeto,

30 1320 209 1366 eamque
245 1309 341 1348 ante
380 1318 525 1347 omnes
560 1302 723 1346 vocales
761 1302 928 1361 profero
966 1310 1013 1347 ut
1041 1301 1073 1347 Ιι·
1098 1304 1160 1348 vel
1191 1320 1242 1367 q,
1280 1321 1383 1366 quas

30 1393 231 1447 utrasque
261 1385 400 1429 literas
430 1400 480 1428 ex
509 1384 733 1444 alphabeto
761 1383 912 1443 eximo,
952 1391 993 1428 et
1021 1385 1125 1428 hanc
1151 1401 1277 1430 unam
1307 1402 1383 1446 pro

31 1475 209 1528 utraque
240 1467 306 1510 illa
335 1473 377 1510 et
403 1481 478 1526 pro
509 1471 644 1509 semet
672 1465 758 1525 ipsa
778 1464 1004 1523 substituo,
1041 1465 1382 1527 quandoquidem

31 1550 96 1594 hae
116 1564 261 1593 omnes
283 1547 411 1591 literae
440 1552 561 1590 antea
588 1546 772 1606 plurimis
802 1546 900 1590 locis
929 1545 1109 1590 eundem
1130 1563 1278 1592 sonum
1297 1549 1383 1593 sivo

31 1636 282 1691 potestatem
319 1627 572 1672 habuerunt.
644 1627 727 1672 Sed
765 1628 961 1687 quoniam
990 1643 1016 1672 c
1042 1627 1218 1672 eandem
1247 1636 1385 1674 servat

31 1713 241 1771 figuram,
285 1710 379 1754 sive·
406 1708 602 1768 scriptum
640 1708 692 1752 sit
727 1709 858 1752 forma
894 1708 1023 1752 literae
1059 1709 1254 1768 initialis,
1299 1710 1384 1755 sive

30 1793 182 1851 minus,
220 1790 451 1852 praesertim
471 1805 599 1850 quum
620 1789 759 1834 literas
778 1789 972 1847 initiales,
1009 1805 1102 1850 quae
1123 1789 1162 1833 in
1184 1791 1382 1852 principio

30 1873 190 1935 periodi
218 1888 300 1917 non
328 1878 453 1931 stent,
491 1885 629 1931 neque
658 1870 760 1915 duas
784 1870 922 1915 literas
943 1870 1163 1930 designare
1183 1871 1382 1929 debeant,

0 2011 2 2015 ,
31 1956 70 2000 in
97 1955 319 2015 scriptione
345 1953 496 1998 ceteris
525 1951 655 1996 literis
674 1967 756 1996 000
776 1951 955 2011 majores
978 1967 1127 1996 exaro:
1165 1969 1240 2013 pro
1259 1953 1383 2013 hujus

29 2037 269 2081 charactere
313 2035 419 2080 hanc
461 2034 652 2093 literam,
705 2032 778 2092 K,
831 2033 1000 2092 scribO,
1055 2049 1106 2078 eo
1144 2034 1258 2095 quod
1294 2040 1383 2079 tum

30 2117 208 2177 figuram
238 2132 354 2162 suam
383 2115 562 2173 retinet,
600 2114 676 2160 etsi
707 2115 964 2176 aliquantum
991 2114 1241 2173 accesserit3
1288 2130 1382 2176 quoe

29 2198 162 2242 forma
206 2213 228 2241 a
267 2198 380 2257 justa
416 2196 547 2256 figura
583 2213 666 2241 non
702 2197 879 2241 multum
914 2196 1130 2255 abscedit,
1185 2196 1382 2257 quando-

30 2279 199 2340 quidem
229 2294 276 2323 ea
305 2278 423 2323 litera
452 2278 492 2322 in
517 2293 711 2322 sermone
733 2278 880 2323 Graeco
899 2284 1126 2338 usurpatur
1144 2284 1187 2321 et
1205 2275 1381 2336 kappa

30 2366 232 2413 vocatur,
284 2360 425 2421 ibique
470 2375 693 2403 numerum
741 2359 992 2403 vicenarium
1035 2359 1253 2417 significat.
1336 2360 1381 2402 In

30 2558 202 2590 ηιοηαοὴί
228 2558 413 2602 ceterique
437 2558 516 2590 viri
542 2558 642 2591 docti
667 2560 818 2591 vocales
845 2559 986 2590 latinas
1013 2558 1043 2598 i,
1075 2570 1098 2602 y
1125 2558 1383 2601 exprimebant

28 2628 97 2661 per
121 2619 184 2651 isl.
211 2630 253 2659 e,
289 2621 351 2652 lat.
380 2631 429 2658 ευ,
463 2631 480 2651 e
504 2630 573 2662 per
599 2619 662 2651 ξεί.
689 2631 731 2659 e,
770 2622 834 2652 lat.
861 2630 888 2651 (Β
910 2620 1049 2662 parlim
1071 2629 1142 2663 per
1167 2630 1184 2650 e
1203 2644 1211 2655 ,
1242 2618 1381 2661 parlim.

27 2689 98 2721 per
122 2679 153 2718 i,
179 2681 241 2712 τῖε-Ι.
269 2700 312 2705 -
349 2680 381 2723 ³)
408 2692 424 2713 c
450 2682 533 2713 add.
562 2682 621 2722 W,
650 2682 716 2713 sed
741 2681 940 2724 superflue.
968 2700 1009 2703 -—
1038 2680 1071 2722 ⁴)
1096 2680 1286 2724 supplevit
1299 2678 1380 2718 jam

31 2739 199 2774 Rus-kias
225 2743 320 2775 hanc
347 2753 486 2783 vocem,
514 2753 593 2785 quoe
619 2742 656 2775 in
689 2742 734 2773 W
759 2743 912 2775 excidit.
939 2761 981 2765 —-
1010 2741 1042 2784 ⁵]
1066 2743 1106 2774 iu
1137 2743 1177 2774 W
1200 2741 1381 2783 scriptum

39 2800 158 2833 hellclz.

81 2873 123 2904 ll.
1100 2877 1119 2904 :3
