1832 3294
113 134 184 179 IV.
228 131 396 180 18-19.
591 153 782 187 menam
816 155 1081 189 onA'moms.
1372 138 1463 186 231

216 272 288 320 18.
359 275 638 320 Arosmpesis
681 273 1054 341 (ἀποσιώπησις)
1101 285 1166 324 est
1213 279 1467 324 voluntarius

110 354 298 399 desectus
336 357 534 402 orationis
572 364 743 417 propter
778 357 985 403 tristitiam
1031 366 1102 405 aut
1144 360 1283 420 iram,
1337 367 1384 406 ut
1427 360 1468 406 in

107 435 170 480 his
210 436 430 482 versibus:

4 498 22 642 4¹
371 519 467 563 Non
504 518 734 578 exspectari
771 525 939 579 potest,
977 522 1082 566 velle
1117 538 1185 568 me

372 599 637 659 loquaculam
672 598 783 643 illam
819 599 973 645 ducere
1009 603 1159 647 marini

16 643 21 664 4

16 669 20 692 ’
369 679 473 738 ignis
510 678 745 739 spondam3
799 695 892 725 sum
928 681 1155 727 etiamnum

14 693 20 859 ς
369 760 514 804 iratus.
585 760 783 805 Aversari
820 760 960 819 (volo)
998 761 1218 823 seminam,

368 855 462 901 quae
498 855 566 884 me
603 839 814 901 quondam
851 841 1042 901 (rejecit)

13 862 19 986 i
368 936 392 965 a
429 921 597 981 prolatis
634 921 771 966 verbis
808 922 1091 981 precantibus.

368 1001 594 1046 Inhonesta
629 1002 695 1046 illa
732 1002 882 1046 mulier
917 1001 1067 1047 sedere

367 1089 411 1128 et
447 1098 492 1126 se
528 1081 616 1142 ipsa
653 1082 797 1126 dolere
834 1083 1013 1142 cogitur.

102 1163 183 1208 Hic
219 1177 269 1207 ex
305 1162 532 1222 industria,
570 1162 695 1207 animi
731 1163 790 1206 ira
829 1164 1026 1209 commoti
1055 1179 1202 1225 causa,
1241 1180 1263 1209 e
1291 1165 1462 1226 stropha

9 1275 15 1314 Η
101 1243 324 1304 ejiciuntur
367 1244 454 1288 haec
497 1243 656 1303 verba,
713 1242 775 1289 elc
820 1243 894 1289 vil
939 1243 1110 1303 (volo),
1157 1251 1201 1290 et
1246 1245 1324 1289 alio
1369 1245 1461 1289 loco

100 1321 312 1370 Ιίαδῐαόἰ
330 1324 546 1384 (reJecit),
584 1340 680 1369 nam
711 1324 837 1369 verba
867 1325 926 1369 sic
956 1326 995 1369 in
1023 1325 1212 1370 ordinem
1231 1324 1461 1384 redigenda

101 1412 229 1451 sunt:
267 1421 351 1450 non
380 1421 474 1466 spes
505 1412 594 1463 est,
630 1412 677 1450 ut
705 1406 826 1450 velim
856 1406 974 1464 (nam
1002 1407 1130 1450 iratus
1161 1406 1277 1464 sum)
1305 1405 1460 1449 ducere

101 1486 365 1547 loquaculam
402 1486 511 1530 illam
547 1486 776 1545 seminam,
833 1502 926 1547 quae
961 1502 1028 1531 me
1067 1485 1244 1545 rejecit,
1290 1484 1459 1546 quando

6 1615 9 1632 2
100 1582 194 1611 eam
223 1566 404 1611 ambivi:
443 1566 621 1610 aversari
650 1567 743 1611 volo
774 1582 889 1626 eam,
928 1568 1007 1612 etsi
1035 1582 1145 1611 nunc
1171 1566 1271 1611 mihi
1297 1565 1460 1610 nubere

5 1620 12 1679 i
101 1646 224 1692 've-lit:
262 1646 409 1691 sedeat
435 1647 504 1691 illa
532 1652 574 1690 et
602 1645 743 1691 doleat
770 1663 841 1706 se,
878 1648 905 1692 i.
928 1664 966 1692 e.
998 1648 1171 1693 stultitia
1198 1662 1288 1691 sua.
1357 1647 1461 1691 Haec

6 1732 11 1760 ἕ
102 1727 236 1787 figura
272 1727 453 1772 occurrit
489 1727 529 1770 in
567 1726 703 1771 verbis
743 1726 837 1786 dei,
885 1727 1037 1788 quibus
1073 1727 1243 1772 Judaeos
1279 1726 1459 1786 figurate

100 1807 343 1869 adloquitur
378 1807 456 1852 sub
493 1807 660 1851 nomine
697 1807 813 1852 urbis
847 1807 1257 1868 Hierosolymorum.

221 1917 295 1965 19.
382 1920 696 1963 EUPHEMlsMUS
743 1916 1084 1984 (εὐφημισμός)
1130 1925 1197 1963 est
1238 1917 1459 1963 commoda

99 1999 215 2045 verbi
275 2000 489 2044 literarum
549 2000 842 2059 permutatio,
914 1997 1271 2059 quemadmodum
1323 1997 1460 2042 David

99 2081 239 2140 posuit
284 2096 490 2123 EXULTAT
533 2095 609 2140 pro
654 2095 892 2138 EXALTAT,
946 2077 1060 2139 quod
1097 2079 1137 2122 in
1175 2078 1253 2123 hac
1288 2079 1458 2139 stropha

98 2159 368 2220 exprimitur:

364 2240 594 2300 Princeps,
631 2240 758 2283 humo
795 2245 1012 2283 contectus

2 2318 7 2362 i
362 2320 403 2364 in
440 2319 687 2379 sepulchro,
732 2318 783 2362 ad
819 2334 985 2378 poenam
1022 2334 1120 2363 vero

365 2401 575 2460 profectus
613 2399 664 2442 ad
700 2406 902 2458 tempus,
941 2399 1029 2442 haec

364 2479 513 2524 cecinit
548 2494 642 2522 vera
682 2494 775 2522 cum
812 2479 1090 2538 poenitentia:

365 2559 700 2605 clementissime
737 2559 846 2603 lunae
885 2558 1149 2617 moderator,
