1882 3319
405 250 478 279 vm

512 367 558 408 11.
616 366 850 414 Eddu-brot‚
881 377 914 405 s.
926 363 1210 418 sraqmentum
1222 361 1357 405 Eddoe
1371 362 1596 405 secundum
1609 376 1730 406 mem·

404 434 582 476 branam
602 433 1015 489 Arnamaynoeanam
1038 432 1118 475 Nr.
1143 432 1266 477 748.
1290 433 1353 485 4.,
1377 446 1425 490 p.
1448 432 1728 477 397—494.

402 502 476 545 Ex
510 502 711 554 rubrica,
754 515 877 558 quam
912 501 1117 545 librarius
1154 502 1242 560 ipse
1274 516 1357 545 uno
1385 503 1471 545 loco
1500 501 1733 560 adscripsit

402 571 470 628 [v.
495 585 542 628 p.
569 571 900 628 427—428),
929 572 1223 615 verosimiliter
1252 572 1444 616 concludi
1465 585 1590 629 posse
1616 570 1732 614 vide-

402 650 492 693 tur,
532 640 640 683 hunc
668 640 824 683 librum
851 655 936 683 non
965 649 1088 684 totam
1116 641 1285 685 Eddam
1315 642 1618 694 Snorrianam,
1657 640 1732 684 sed

401 718 620 753 tractatum
645 709 754 768 Olafi
775 710 1006 767 Albipoe‘toe
1035 712 1261 768 inteqrum,
1296 720 1331 755 et
1357 712 1544 754 selectam
1565 719 1732 768 partem

401 778 506 823 artis
530 781 706 837 poe'ticoe
738 780 972 824 Snorronis
1002 781 1375 835 (Skbldskaparmbl
1405 783 1456 823 ok
1486 779 1730 835 kenuingar)

401 849 655 907 complexum
689 850 847 907 fuisse,
891 850 952 892 ita
990 857 1150 902 tamen,
1194 859 1239 895 ut
1274 860 1403 894 artem
1431 852 1641 907 poeticam
1677 862 1731 892 ex

392 919 573 976 proprio
623 919 799 962 librarii
847 919 1016 976 inqenio
1059 919 1234 964 liberius
1279 929 1478 964 tractasse
1519 918 1728 962 videatur.

405 988 588 1031 Ceterum
628 990 877 1031 monendum
921 997 1005 1040 est,
1061 988 1170 1031 hunc
1211 990 1367 1033 librum
1408 1003 1493 1031 non
1535 1002 1561 1031 α
1601 1001 1731 1031 manu

400 1060 581 1101 auctoris
612 1059 772 1115 ipsius,
815 1057 924 1117 Olafi
952 1058 1202 1115 Albipoe'toe,
1234 1059 1468 1116 profectum
1497 1057 1626 1110 esse¹‚
1656 1056 1732 1100 sed

399 1127 498 1170 inde
542 1129 821 1184 exscriptum,
875 1129 1010 1171 seculo
1052 1128 1189 1171 eodem
1232 1142 1359 1171 XIII.
1398 1127 1463 1170 vel
1503 1127 1626 1170 initio
1667 1141 1730 1170 se-

399 1198 560 1254 quentis
585 1198 731 1249 seculi,
763 1197 889 1254 idque
910 1206 993 1241 tam
1018 1199 1225 1254 eleyanter
1254 1206 1290 1241 et
1315 1198 1432 1249 scite,
1462 1205 1508 1240 ut
1532 1197 1727 1240 interitus

397 1266 505 1309 tanti
541 1266 693 1309 cimelii
728 1281 978 1324 maqnopere
1017 1267 1219 1310 dolendus
1248 1268 1317 1311 sit.
1384 1266 1438 1310 In
1468 1266 1626 1310 edendo
1655 1265 1731 1309 hoc

396 1337 631 1393 fraymento
653 1336 711 1380 ad
732 1337 993 1380 literaturam
1017 1336 1103 1394 ejus
1122 1351 1245 1395 quam
1252 1338 1450 1395 proaeime
1466 1337 1726 1381 accessimus.

504 1445 567 1487 111.
624 1445 1011 1498 Orms-Eddu-brot,
1051 1461 1086 1489 s.
1113 1447 1395 1503 fragmentum
1423 1446 1559 1489 Eddoe
1587 1446 1634 1489 in
1663 1460 1729 1489 co-

396 1514 487 1556 dice
511 1514 751 1558 Wormiano
776 1524 1004 1566 servatum,
1036 1516 1143 1559 alias
1167 1530 1194 1558 a
1215 1516 1335 1559 nobis
1358 1519 1439 1559 Wb
1463 1516 1725 1572 insiqnitum‚

387 1597 436 1641 p.
453 1583 741 1628 495-500.
799 1584 890 1627 Hoc
910 1587 1210 1642 sraqrr'ierzt'uni,
1242 1600 1354 1629 nunc
1381 1600 1511 1630 tinum
1539 1595 1575 1630 et
1604 1586 1728 1629 dimi-

396 1653 514 1695 dium
538 1652 689 1711 folium
717 1654 916 1711 implens,
962 1656 1103 1698 eadem
1138 1656 1227 1711 fere
1260 1669 1389 1698 manu
1416 1656 1618 1713 scriptum
1647 1663 1725 1708 est,

395 1732 499 1767 certe
534 1724 675 1766 eadem
710 1732 851 1776 celate,
897 1738 945 1767 ac
976 1724 1118 1773 ,codex
1154 1724 1242 1781 ipse
1276 1725 1543 1768 Wormianus
1581 1724 1728 1781 (circa

396 1791 712 1848 1350-60).
756 1793 913 1836 Auctor
927 1794 1150 1851 scriptioni
1167 1793 1401 1838 Snorronis
1418 1795 1468 1838 de
1484 1795 1728 1838 denomina-

393 1862 578 1908 tionibus
602 1876 706 1919 opus
729 1864 1064 1920 superstructisse
1088 1863 1265 1916 videtur,
1298 1873 1334 1908 et
1355 1865 1542 1922 exempla
1566 1864 1728 1922 copiose

393 1932 627 1984 addidisse,
648 1946 822 1989 quorum
838 1942 941 1976 certe
953 1948 1082 1975 unum
1099 1948 1150 1976 ex
1158 1938 1285 1991 poeta
1301 1934 1428 1976 seculi
1444 1948 1501 1975 xz
1510 1949 1552 1977 V.
1565 1935 1728 1989 (brbbir

392 1994 504 2054 Arni,
526 2016 571 2059 p.
589 2002 725 2055 500)
743 2002 895 2046 hausit.
941 2004 1009 2046 Ad
1025 2003 1098 2046 lcoc
1115 2012 1268 2062 tempus
1286 2005 1419 2061 iqitur
1435 2004 1521 2047 lzoec
1536 2005 1724 2061 scriptio,

392 2072 536 2115 saltem
565 2072 701 2129 qualis
732 2072 777 2114 in
803 2072 876 2115 ltoc
899 2073 1035 2115 codice
1056 2073 1159 2130 suit,
1191 2073 1413 2131 referenda
1439 2088 1523 2117 esse
1544 2073 1725 2119 videtur.

394 2141 460 2184 De
477 2141 616 2184 ceteris
631 2142 720 2199 fere
736 2142 847 2184 nihil
861 2157 972 2185 nunc
990 2143 1127 2185 dicere
1135 2157 1373 2200 possumus,
1400 2158 1524 2201 quum
1536 2144 1726 2187 maxima

389 2224 493 2267 pars
519 2209 641 2268 hujus
667 2211 823 2254 codicis
845 2237 897 2242 —
918 2212 958 2255 si
980 2227 1165 2269 unquam
1190 2213 1320 2255 codex
1339 2213 1423 2270 fuit
1445 2237 1497 2244 —
1511 2212 1606 2270 J'am
1629 2222 1726 2257 tem-

387 2293 492 2335 pore
520 2281 747 2335 Arnyrimi
771 2281 889 2324 Jonoe
920 2291 956 2325 et
982 2282 1136 2338 Maqni
1163 2282 1326 2334 Olavii,
1351 2284 1539 2340 pastoris
1565 2282 1726 2340 Laufa-

393 2349 548 2401 sensis,
580 2351 801 2394 interierit.
859 2351 1043 2395 Exstant
1058 2360 1191 2395 tamen
1209 2353 1254 2395 in
1270 2352 1393 2396 libris
1408 2353 1722 2409 manuscriptis,

393 2416 446 2460 ab
482 2417 629 2461 Olavio
664 2421 889 2476 profectis,
936 2422 1010 2478 qui
1037 2422 1248 2465 interdum
1277 2421 1483 2464 Lo'vasini
1508 2430 1721 2473 vocantur,

393 2487 479 2529 sive
495 2486 622 2531 Edda
641 2489 854 2533 Lo'vasina
871 2492 1230 2545 (Laufe'lss-Edda),
1264 2491 1413 2548 quibus
1432 2492 1580 2534 iterum
1598 2490 1724 2534 editio

394 2555 634 2600 Reseniana
663 2568 948 2615 superstructa
977 2569 1054 2613 est,
1096 2561 1301 2604 nonnulla
1331 2561 1454 2618 quasi
1479 2561 1638 2614 frusta,
1669 2560 1721 2603 ab

489 2715 519 2758 ¹)
551 2718 617 2749 hoc
649 2720 790 2751 lacunoe
823 2719 862 2752 in
895 2723 1104 2756 „tenebrana
1130 2722 1272 2757 relictio
1296 2722 1483 2766 indicant,
1521 2723 1607 2756 vide
1630 2733 1665 2756 υ.
1692 2733 1721 2756 c.

393 2790 428 2821 p.
455 2777 542 2810 400
568 2784 640 2810 not.
667 2780 714 2820 2,
748 2780 830 2812 452
855 2787 927 2814 noe„
954 2784 996 2825 2,
1025 2790 1089 2818 etc.

1872 1717 1882 2058 ³
