1832 3294
44 243 98 285 ll.
135 239 179 285 3.
543 259 600 290 ni:
647 258 930 290 ALPnAssE'ro.
1330 237 1391 283 53

44 376 151 438 est’',
189 386 246 439 et,
283 379 380 424 ''vos
405 376 515 441 (er)
545 380 580 423 ei
611 380 943 440 parentavistisss,
980 378 1093 440 quod
1119 377 1266 424 accidit
1282 376 1392 442 (er)

44 475 137 505 mea
174 460 416 506 memoria''.
498 462 619 520 Saepe
666 462 946 521 pronuntiatio
993 460 1245 522 (quantitas)
1291 476 1392 505 ver-

44 541 194 587 borum
232 557 399 587 sensum
437 541 564 586 totius
602 542 818 585 sententiae
853 549 1019 601 mutat,
1056 542 1207 603 prouti
1243 541 1390 587 eadem

42 624 193 668 vocalis
238 631 310 669 aut
353 623 556 684 producte
603 629 675 666 aut
721 624 914 683 correpte
957 623 1260 684 pronuntiatur.
1346 624 1393 667 In

44 705 266 765 scriptione
303 705 551 765 permissum
588 710 676 762 est,
715 703 877 747 vocales
907 703 1147 762 conjunctas
1176 703 1390 763 adhibere,

42 792 89 830 ut
115 786 251 846 potius
282 786 563 830 semicirculus
591 784 721 828 literae
752 798 805 844 α,
843 800 969 845 quam
994 784 1163 844 plenum
1190 799 1245 843 a,
1284 785 1392 829 scri-

41 866 188 927 batur,
225 868 302 911 hac
327 867 484 927 figura,
522 881 570 927 β,
608 880 652 928 ρ.
724 867 770 910 In
797 872 946 926 quarto
976 865 1130 910 circulo
1159 872 1254 910 sunt
1279 865 1392 909 duo-

42 947 174 993 decim
208 949 353 1005 literae,
390 949 466 992 hac
494 948 660 1007 figura:
701 947 764 1006 Β,
804 947 871 1007 D,
911 947 965 1006 F,
1007 946 1073 1007 G,
1114 947 1181 1005 Κ,
1222 947 1280 1004 L,
1322 946 1390 1005 M,

44 1028 118 1089 Ν,
167 1029 237 1090 Ρ,
288 1029 360 1089 Β,
407 1028 473 1089 S7
525 1029 576 1072 T.
672 1030 835 1073 Harum
877 1029 1090 1073 literarum
1135 1029 1309 1088 singulae
1352 1028 1391 1071 in

41 1111 263 1172 scriptione
293 1117 507 1171 ponuntur
532 1111 624 1155 loco
652 1110 829 1155 duarum
849 1110 924 1155 sibi
945 1110 1162 1168 similium3
1201 1109 1391 1171 quaedam

42 1193 151 1237 enim
179 1191 376 1237 vocabula
407 1198 492 1236 tam
520 1208 715 1252 expressa
744 1192 1080 1253 pronuntiatione
1108 1193 1391 1253 proferuntur,

41 1280 89 1318 ut
114 1274 223 1318 nulla
251 1289 484 1318 consonans
513 1274 598 1318 sola
626 1274 758 1334 possit
783 1289 874 1318 eam
895 1273 1118 1333 sustinere,
1156 1290 1192 1318 v.
1214 1288 1250 1317 c.
1271 1270 1395 1318 hoell

41 1362 112 1400 aut
145 1354 295 1416 fjall,
334 1353 486 1401 ltro-ss
522 1361 593 1400 aut
627 1352 809 1415 bross,
847 1356 1030 1416 framm
1065 1362 1136 1400 aut
1169 1352 1390 1413 lev-amm,-

42 1452 124 1498 qua
159 1452 205 1482 re
243 1452 348 1497 opus
385 1443 480 1495 est,
527 1443 598 1480 aut
634 1436 736 1480 duas
773 1443 1048 1481 consonantes
1071 1471 1083 1495 ,
1139 1442 1210 1480 aut
1244 1435 1392 1479 harum

41 1533 168 1562 unam
216 1517 413 1563 scribere.
493 1519 540 1562 In
586 1517 731 1578 quinto
775 1517 929 1561 circulo
973 1517 1133 1578 scriptae
1176 1523 1272 1561 sunt
1306 1522 1392 1560 tres

42 1600 209 1658 literae,
247 1615 340 1661 quae
376 1615 559 1643 FlNALES
596 1605 825 1643 vocantur:
880 1596 932 1658 ὅ,
969 1613 1022 1658 z,
1059 1612 1127 1658 oe,
1166 1613 1259 1659 quae
1294 1597 1392 1642 nulli

41 1681 174 1725 literae
210 1687 387 1741 possunt
421 1680 638 1740 adplicari,
677 1680 752 1724 nisi
780 1680 965 1724 vocalem
996 1678 1199 1740 cujusque
1228 1679 1391 1740 syllabae

39 1767 381 1823 consequantur3
428 1769 574 1822 quarta
610 1761 729 1805 litera
766 1767 830 1805 est
867 1776 916 1820 ο,
954 1761 1071 1821 cujus
1107 1776 1228 1805 verus
1265 1776 1392 1804 sonus

41 1849 135 1902 est,
189 1849 238 1888 ut
273 1842 313 1886 in
349 1842 431 1887 fine
468 1842 665 1903 syllahae,
722 1842 828 1887 sicut
869 1849 1020 1886 ceterae
1056 1842 1186 1886 literae
1221 1841 1391 1900 finales,

40 1930 234 1985 ponatur.
311 1924 545 1969 Titulorum
580 1924 659 1968 hoc
696 1924 788 1968 loco
827 1923 973 1968 eadem
1011 1923 1142 1983 figura
1171 1922 1392 1980 retinetur,

41 2020 134 2066 quae
163 2004 204 2048 in
234 2004 309 2049 alia
338 2004 587 2065 scripturab.
658 2005 821 2050 Titulus
850 2005 1017 2066 propria
1049 2003 1218 2066 quidem
1246 2011 1392 2048 natura

41 2086 223 2131 indolem
259 2085 389 2131 literae
426 2102 509 2131 non
545 2086 702 2145 habet,
748 2086 823 2131 sed
860 2086 1074 2146 scripturae
1111 2085 1393 2146 perspicuitati

39 2167 224 2212 inservit.
306 2167 378 2212 Sol
415 2166 564 2211 dicitur
602 2169 767 2227 ΤιΤΑΝ,
815 2167 925 2212 unde
962 2167 1000 2211 in
1037 2167 1162 2212 latino
1199 2182 1393 2212 sermone

131 2289 172 2333 a)
199 2284 330 2333 erevd']
357 2289 525 2328 Quoniam
551 2287 759 2328 significatio
785 2288 941 2321 irritandi
963 2288 1092 2332 [erla]
1119 2300 1185 2321 non
1211 2289 1394 2322 convenire

0 2362 1 2417 ἰ
41 2349 217 2383 videbatur
238 2351 271 2383 h.
285 2350 321 2393 1.,
348 2350 461 2393 accepi
479 2345 677 2392 ertvd'ssiro
693 2350 823 2393 erducl,
850 2350 965 2394 t=d)
981 2352 1162 2383 secundum
1177 2349 1392 2383 dialecticam

0 2419 1 2462 l
41 2411 246 2444 varietatem
272 2422 332 2455 pro
360 2406 501 2453 ενῖὅιιὸ
522 2411 563 2443 ab
590 2410 694 2454 ersa,
733 2422 802 2454 qum
829 2411 993 2445 dialectus
1020 2412 1183 2456 hodieque
1207 2412 1335 2444 obtinet
1358 2411 1392 2444 in

0 2466 1 2474 ¹
39 2473 255 2513 Vestfijordis
270 2473 441 2505 Islandiae.
490 2473 526 2505 Si
542 2472 658 2515 Arius,
684 2473 716 2504 h.
733 2473 755 2505 l.
770 2473 976 2514 nominatum
1003 2474 1169 2506 estArius
1179 2473 1393 2517 Polyhistor,

0 2547 1 2560 ¹
41 2534 149 2577 potuit
170 2539 289 2567 auctor
309 2535 413 2575 hujus
434 2537 623 2576 tractatus,
650 2533 704 2577 qui
730 2534 762 2566 in
788 2534 874 2567 vivis
900 2535 1004 2568 fuerit
1028 2536 1115 2568 1200
1139 2539 1198 2567 aut
1220 2535 1391 2579 aliquanto

42 2598 142 2638 post,
168 2596 327 2640 exequias
343 2597 419 2636 ejus
435 2596 596 2628 memoria
610 2599 736 2628 tenere.
757 2616 800 2619 —
827 2596 865 2640 b]
881 2597 1117 2638 intelliguntur
1131 2598 1256 2638 rrgulae
1271 2596 1391 2628 ortho-

41 2656 213 2699 graphica}
239 2668 302 2690 usu
328 2660 491 2701 receptae,
517 2657 589 2689 sive
615 2657 647 2689 in
676 2657 814 2700 scriptis
841 2659 1039 2699 islamlicis,
1066 2659 1138 2691 sive
1164 2658 1305 2699 latinis,
1331 2667 1391 2699 pro

41 2716 178 2749 illorum
204 2721 389 2761 temporum
418 2718 586 2751 scribendi
614 2719 770 2761 ration03
809 2720 998 2762 pracsertim
1025 2725 1136 2753 autern
1163 2719 1284 2763 respici
1311 2721 1390 2761 puto

43 2777 182 2819 regulas
198 2780 483 2823 orthographicas
499 2783 668 2813 tractatus
690 2781 810 2824 primi,
836 2792 907 2814 curn
931 2793 993 2826 quo
1017 2781 1188 2825 sequentia
1211 2781 1251 2813 de
1265 2779 1391 2812 'ritulis

47 2838 337 2883 (abbreviatur-is]
366 2842 435 2874 scre
462 2842 563 2874 verbo
590 2845 688 2875 tenus
717 2844 935 2876 concordant.

0 2896 5 2987 l

0 2989 5 3052 l

0 3054 7 3169 ξ
