1832 3294
106 215 182 261 ΙΙΙ.
224 213 297 261 15.
562 233 748 267 menum
786 234 1043 269 omitt-roms
1356 216 1447 267 143

104 354 222 415 poe'si
250 353 523 399 existimetur.
594 355 767 400 Senam
793 372 928 416 graece
959 357 1120 417 dicitur,
1159 355 1321 405 skrud
1345 360 1447 420 (or-

104 436 248 495 natus)
270 436 487 496 norvegico
500 450 511 493 3
546 451 675 479 LEXIS
696 443 760 481 est
780 438 927 497 oratio,
964 439 1074 484 unde
1094 456 1260 484 sanMA
1277 457 1448 487 LEXEos

104 516 253 562 dicitur
288 517 406 578 quasi
443 523 614 562 ornatus
650 518 853 562 sermonis
888 519 950 563 vel
987 520 1198 566 orationis.
1269 522 1447 568 Schema

104 596 387 658 duodeviginti
421 598 580 658 species
616 596 757 643 habet.

218 679 450 723 PROLEPSIS
504 675 782 743 (πρόληψις)
836 686 901 724 est
950 681 1253 741 praeoccupatio
1303 699 1446 729 rerum

103 759 250 819 plurali
269 775 463 818 numero,
493 774 584 820 quae
605 765 750 820 postea
769 759 964 820 singulari
984 777 1158 807 numero
1179 762 1447 825 distinguun-

101 845 193 899 tur,
230 840 291 885 uti
326 840 404 886 hoc
440 840 564 885 loco:

426 921 660 967 Evolabant
694 922 777 968 duo
813 923 923 967 corvi

427 1018 476 1048 ex
511 1003 694 1049 humeris
729 1003 956 1049 Hnikaris:

425 1084 574 1145 Hugin'
605 1084 657 1129 ad
692 1100 952 1146 suspensos,

425 1165 570 1211 Munin
604 1181 703 1212 vero
740 1165 792 1210 ad
827 1165 1042 1211 cadavera.

97 1247 191 1292 Hoc
224 1246 315 1292 loco
349 1247 522 1293 verbum
557 1243 700 1307 sluyu
745 1247 981 1307 (volabant)
1025 1247 1066 1292 in
1100 1247 1240 1309 primis
1276 1248 1443 1297 duobus

98 1327 285 1373 versibus
336 1328 484 1389 plurali
536 1344 713 1373 numero
764 1329 962 1389 ponitur,
1024 1328 1067 1373 in
1127 1329 1291 1376 duobus
1343 1348 1444 1378 vero

96 1409 400 1470 posterioribus
437 1409 520 1455 duo
558 1411 723 1455 nomina
759 1410 983 1469 singularia
1018 1409 1306 1471 dominantur3
1349 1429 1444 1475 quae

97 1491 303 1536 sententia
339 1491 398 1536 sic
430 1491 675 1536 resolvenda
712 1498 805 1536 est:
857 1493 955 1536 Duo
991 1492 1100 1537 corvi
1138 1492 1357 1539 evolabant
1392 1511 1443 1541 ex

95 1571 281 1617 humeris
308 1571 535 1617 Hnikaris:
577 1572 719 1633 Hugin
754 1572 903 1618 volavit
930 1571 983 1617 ad
1010 1589 1261 1635 suspensos,
1296 1575 1442 1622 Munin

96 1667 197 1698 vero
232 1652 285 1698 ad
320 1653 510 1699 cadaver.

195 1735 380 1779 ZEUGMA
400 1733 611 1796 (ζεῦγμα)
640 1741 719 1795 est,
757 1733 923 1797 quando
949 1751 1080 1781 unum
1108 1735 1283 1783 verbum
1311 1738 1440 1784 multa

96 1815 263 1861 nomina
296 1816 430 1876 regit,
467 1822 514 1861 ut
548 1816 644 1861 hic:
684 1878 686 1880 Ι

296 1895 512 1942 Laudibus
547 1897 785 1943 celebretur
820 1897 1002 1943 crucifixi
1039 1911 1047 1920 ·

293 1977 445 2024 Christi
480 1979 615 2030 honor
651 1986 693 2024 et
726 1979 890 2039 gloria,

296 2058 355 2104 vis
391 2066 434 2105 et
468 2066 684 2120 potestas,
720 2067 767 2105 ut
803 2068 845 2106 et
878 2060 1105 2121 majestatis

293 2155 501 2185 summum
537 2141 779 2202 imperium,
817 2141 930 2203 quod
964 2158 1174 2204 nunquam
1210 2143 1332 2204 perit.

23 2301 25 2311 ¹
95 2306 210 2341 dicunt
233 2306 447 2352 (debeam),
486 2309 782 2353 anteponuntur’',
819 2310 912 2343 Isid.
936 2310 966 2344 1.
990 2311 1059 2344 35.
1095 2329 1141 2335 -
1191 2311 1224 2355 5)
1249 2311 1308 2346 sic
1333 2313 1438 2356 748,-

93 2368 175 2416 ῥαν,
205 2368 259 2402 W.
296 2387 342 2394 —
380 2368 414 2413 6)
440 2369 498 2403 sic
522 2370 630 2413 748,·
658 2371 814 2414 Hnikar,
844 2371 899 2404 W.
935 2390 981 2396 —
1017 2371 1054 2415 ⁷)
1081 2372 1236 2418 ”ζεῦγμα
1260 2377 1314 2406 est
1336 2374 1439 2409 unius

20 2431 27 2483 ζ
93 2430 187 2464 verbi
212 2430 405 2474 conclusio,
431 2431 579 2464 diversis
605 2431 771 2464 clausulis
796 2435 872 2476 apte
897 2434 1098 2475 conjuncta,
1124 2437 1182 2466 ut:
1221 2435 1439 2479 TrOJuyena

93 2490 286 2536 interpres
311 2492 459 2535 divum,
498 2492 560 2536 qui
585 2493 739 2527 numina
762 2493 924 2537 Phoebi,
947 2492 952 2538 Ι
983 2494 1058 2536 Qui
1084 2495 1278 2539 tripodas,
1317 2496 1440 2530 clarii

95 2553 249 2598 laurus,
276 2554 339 2598 qui
364 2554 500 2598 sydera
525 2554 683 2588 sentis”.
731 2554 867 2588 Donat.
890 2556 914 2588 l.
933 2566 961 2588 c.
990 2574 1032 2580 —
1057 2556 1235 2597 ”Zeugma
1261 2561 1315 2590 est
1339 2559 1439 2591 clau-

23 2591 29 2651 i,
94 2615 190 2657 sula,
228 2626 302 2648 cum
335 2615 450 2659 plures
482 2626 605 2649 sensus
638 2626 704 2649 uno
735 2617 838 2649 verbo
871 2617 1116 2661 clauduntur'’,
1152 2617 1245 2651 Isid.
1271 2618 1359 2652 ibid.
1391 2637 1437 2643 —

25 2715 27 2727 J
96 2674 133 2719 θ)
158 2676 217 2710 sic
242 2676 349 2720 7485
374 2676 501 2719 tignir,
532 2676 586 2711 W.
611 2696 656 2702 -—
685 2677 718 2722 9)
744 2679 802 2713 sic
827 2679 934 2722 748,-
960 2679 1101 2722 fremzt,
1133 2678 1185 2712 W.
