1832 3294
62 227 134 272 Ill.
172 223 220 271 4·
356 243 719 277 FUNDAMENDUM
758 242 1116 276 GRAMMATICES.
1353 225 1414 272 79

60 374 207 412 neutra
243 366 386 423 litera,
424 380 562 426 neque
591 378 630 409 ,τ’
662 380 798 425 neque
828 379 880 423 z,
918 366 957 409 in
986 365 1146 410 Runico
1175 372 1246 411 aut
1277 366 1414 427 prisco

60 448 209 494 Latino
247 447 468 508 alphabeto
504 452 745 505 usurpatur.
818 445 901 490 Sed
949 447 1011 491 hae
1058 447 1189 492 literae
1234 448 1329 493 ideo
1374 448 1415 492 in

61 529 329 590 alphabetum
371 534 553 587 recepta}
597 532 724 584 sunt,
780 526 893 587 quod
937 527 1167 587 expeditius
1204 529 1413 588 videatur,

59 626 185 656 unam
207 626 329 671 quam
350 609 451 653 duas
471 608 610 652 literas
631 607 830 652 scribere.
894 608 1135 652 Proximum
1156 611 1347 671 sequitur
1364 607 1413 674 Β,

62 690 319 752 bjmffcan,
359 689 470 750 quod
507 704 583 748 pro
620 688 747 732 latino
786 688 812 732 b
850 688 1047 748 ponitur,
1094 690 1162 750 qui
1200 691 1416 737 character

59 773 228 818 runicus
258 771 360 816 duas
389 771 428 814 in
458 785 502 814 se
530 769 658 814 habet
686 769 825 814 literas
862 775 1021 828 mutas,
1060 786 1236 831 quarum
1266 788 1415 818 sonum

59 859 346 914 repraesentat.
418 851 519 896 Ideo
546 867 644 896 vero
674 857 812 911 partes
842 851 1170 896 semicirculares
1199 852 1415 912 Bjarkanis

60 935 212 996 patulae
250 935 367 979 sactae
404 940 530 991 sunt,
568 933 732 993 quando
769 948 844 993 pro
879 946 912 991 p
952 939 1103 991 sonat,
1149 933 1263 994 quod
1298 934 1414 979 labiis

59 1015 363 1077 patentioribus
400 1013 751 1076 pronuntiandum
789 1020 876 1073 est,
914 1029 1040 1075 quam
1070 1014 1112 1059 b.
1183 1014 1347 1059 Deinde
1380 1011 1416 1078 R

60 1113 136 1159 pro
172 1097 297 1141 latina
332 1097 448 1141 litera
477 1111 507 1141 r
542 1096 731 1157 ponitur,
769 1111 864 1156 quae
898 1112 980 1141 una
1021 1102 1086 1141 est
1121 1112 1169 1141 ex
1207 1095 1281 1156 iis,
1320 1112 1415 1157 quae

60 1178 328 1225 semivocales
358 1179 634 1238 appellantur.
704 1177 815 1222 Huic
842 1178 1078 1238 proximum
1107 1183 1189 1221 stat
1214 1172 1262 1240 ψ,
1301 1176 1415 1239 quod

59 1276 135 1321 pro
163 1259 324 1304 duabus
353 1258 562 1304 vocalibus
587 1254 624 1323 ‘l'
651 1266 692 1304 et
725 1255 734 1322 Ι
769 1266 904 1317 sonat,
942 1275 1067 1320 quam
1095 1259 1258 1303 literam
1280 1258 1415 1304 Graeci

58 1347 207 1386 vocant
245 1342 522 1406 δίφθογγον,
559 1341 599 1385 id
637 1347 701 1385 est
734 1341 873 1400 lingua
903 1341 1136 1400 Norvegica
1166 1337 1416 1400 (vileljo'ffr

60 1422 295 1482 (bisonus).
373 1424 419 1466 In
464 1421 689 1483 alphabeto
726 1422 877 1466 Latino
922 1430 1103 1483 quatuor
1146 1428 1244 1466 sunt
1288 1422 1416 1483 diph-

58 1504 243 1564 thongia,
280 1503 319 1548 in
356 1503 500 1548 runico
538 1504 736 1565 quinque.
807 1504 1104 1564 Diphthongus
1143 1509 1208 1547 est
1233 1502 1414 1548 duarum

58 1585 287 1643 vocalium,
325 1601 502 1646 quarum
529 1591 707 1646 utraque
736 1585 816 1629 vim
846 1600 962 1629 suam
990 1585 1183 1644 retineat⁷
1220 1584 1260 1629 in
1288 1601 1415 1630 unam

22 1672 23 1675 ’
61 1666 264 1727 syllabam
299 1666 615 1725 conglutinatio.
684 1668 764 1710 Hae
801 1673 898 1710 sunt
932 1665 971 1709 in
1011 1665 1233 1725 alphabeto
1269 1665 1413 1710 runico

22 1741 24 1752 ²
57 1748 221 1792 vocales
249 1741 570 1806 conglutinatae:
612 1742 650 1811 †
676 1763 751 1807 pro
781 1762 869 1799 ae,·
902 1742 955 1809 Ᾰ]
991 1762 1068 1806 pro
1107 1761 1210 1798 au,·
1249 1742 1298 1810 -Η
1337 1761 1414 1807 pro

59 1843 86 1874 e
123 1835 165 1874 et
201 1835 239 1888 i,
277 1844 370 1890 quae
404 1828 684 1889 diphthongus
721 1844 803 1872 non
840 1834 903 1872 est
937 1828 976 1871 in
1007 1843 1201 1872 sermone
1228 1826 1413 1885 latin0b3

55 1905 104 1974 ᾧ
129 1925 206 1971 pro
234 1925 322 1971 ey;
355 1905 404 1973 ss
427 1925 502 1971 pro
533 1925 559 1955 e
589 1916 630 1954 et
658 1925 712 1962 0;
748 1925 789 1955 ω
818 1909 858 1954 in
888 1909 1021 1953 latino'
1045 1924 1239 1954 sermone
1268 1914 1414 1969 quarta

58 1990 340 2052 diphthongus
379 1998 466 2050 est,
505 2007 598 2052 quae
636 1991 675 2035 in
711 1991 826 2035 runis
862 2006 944 2035 non
980 1996 1131 2035 exstat.
1204 1988 1412 2044 Quaedam

57 2073 220 2118 vocales
265 2073 306 2117 in
352 2072 677 2132 conglutinando
722 2078 1053 2133 praeponuntur,
1106 2077 1153 2115 ut
1197 2085 1230 2116 a
1277 2077 1319 2116 et
1361 2085 1410 2131 e,

56 2240 148 2284 flata
169 2241 268 2275 alias
290 2240 439 2283 formas
461 2241 665 2284 adsumsit,
692 2245 734 2274 ut
756 2251 804 2274 ea:
825 2240 1088 2284 superioribus
1111 2240 1277 2283 adparet,
1306 2244 1341 2272 et
1365 2249 1414 2273 ea:

57 2302 250 2337 scribendi
274 2304 380 2336 modo
408 2303 649 2336 diversarum
674 2302 975 2335 meaenbranarum
997 2301 1239 2344 perspicuum
1263 2301 1317 2343 Ιίι.

147 2386 186 2430 a)
213 2387 325 2420 ”Sunt
350 2386 576 2429 diphthongi,
609 2388 727 2430 quibus
755 2397 842 2419 nunc
867 2385 1013 2425 utimur,
1047 2388 1208 2428 quatuor,
1244 2395 1306 2428 ae,
1344 2396 1410 2428 αιι,

58 2457 120 2491 eu,
148 2448 224 2492 oe'',
251 2448 363 2481 Prisc.
385 2449 412 2481 Ι.
434 2448 475 2490 9,
501 2449 565 2489 50,
592 2448 800 2480 ed.Putsch.
815 2447 894 2480 561.
944 2446 1413 2489 (RamshormPractische

59 2509 121 2542 lat.
138 2510 313 2553 Gramm„
340 2509 503 2552 Leipziy
527 2509 632 2551 1832,
658 2521 690 2552 p.
708 2509 738 2542 1.
760 2509 865 2552 noh).
914 2507 1037 2541 Isidori
1053 2507 1150 2548 Orig.
1166 2508 1240 2540 bib.
1257 2508 1282 2540 l.
1302 2518 1331 2540 c.
1350 2508 1410 2540 15:

58 2568 306 2613 ”Dlphthongae
330 2571 473 2614 syllabae
493 2590 538 2594 ——
561 2581 600 2602 ex
621 2571 676 2603 his
698 2571 783 2613 apud
805 2581 868 2602 nos
889 2580 988 2603 veras
1012 2580 1090 2602 esse
1111 2569 1239 2601 scimus
1254 2572 1411 2612 quatuor,

58 2641 120 2675 ae,
145 2642 208 2676 oe,
231 2644 297 2675 au,
319 2643 384 2675 eu3
411 2632 446 2665 ei
460 2642 538 2665 vero
553 2633 639 2675 apud
652 2633 803 2672 maj0res
817 2631 1048 2664 tantummodo
1064 2630 1235 2663 celebrata
1248 2629 1350 2662 fuit’'.
1365 2647 1411 2653 --

57 2690 96 2736 b)
116 2693 175 2727 ”ei
196 2694 406 2737 diphthongo
425 2704 512 2727 nunc
529 2705 594 2726 non
612 2693 750 2735 utimur,
777 2693 837 2726 sed
850 2694 925 2726 loco
941 2695 1017 2733 ejus
1032 2693 1065 2725 in
1081 2692 1204 2734 graecis
1218 2690 1411 2724 nominibus

59 2762 79 2786 e
101 2755 156 2786 vel
181 2754 196 2787 i
227 2756 411 2798 productas
437 2755 638 2798 ponimus''‚
676 2754 844 2787 Priscian.
870 2755 897 2787 Ι.
921 2754 963 2795 9,
989 2754 1059 2795 54,
1086 2754 1137 2787 cd.
1163 2753 1304 2786 Putsch.
1328 2752 1408 2784 563.

59 2813 272 2857 (Ramshom
295 2817 319 2850 1.
345 2827 373 2850 c.
400 2827 431 2859 p.
451 2819 485 2850 2.
511 2816 628 2859 not.);
665 2816 751 2849 adde
775 2819 886 2849 notam
914 2815 1056 2857 praeced.
