1832 3294
11 2349 17 2414 l

57 194 131 239 lv.

517 209 710 243 Fre-unffi.
736 209 995 243 onA'riole.
1316 193 1411 240 203

59 331 209 376 eodem
244 330 370 376 modo
408 331 672 392 eleemosyna
710 338 857 376 aestum
894 338 1158 392 peccatorum
1189 333 1414 393 exstinguit

57 413 250 473 lavatque
286 413 502 469 animum,
541 412 894 471 quemadmodum
932 428 1038 473 aqua
1074 429 1225 473 corpus
1239 423 1273 458 a·
1343 414 1412 459 Ab

56 508 103 537 re
155 493 378 537 inanimata
432 493 478 536 fit
529 493 825 552 Prosopopoeia
874 493 925 537 ad
980 510 1068 538 rem
1122 495 1411 555 inanimatam,

57 573 414 634 quemadmodum
449 573 489 617 in
523 571 714 616 Barucbo
746 572 872 629 (libro
900 575 1101 633 Baruchi)
1131 591 1245 619 mare
1275 577 1413 636 sylva-

57 670 140 714 que
170 654 209 698 in
237 654 378 698 vicinia
406 653 640 698 habitantes
669 651 865 696 dicuntur
890 654 1009 698 alteri
1030 656 1184 700 alteros
1205 671 1411 716 occupare

55 734 266 792 voluisse3
316 734 427 778 unde
457 734 611 778 sactum
640 738 726 792 est,
763 740 810 777 ut
839 748 962 777 arena
992 735 1032 778 in
1060 751 1175 780 mare
1206 752 1410 796 proruens

55 821 203 859 aestum
239 815 374 875 pelagi
409 813 694 874 represserit,
747 813 910 857 {lamma
957 829 1054 859 vero
1089 822 1219 861 totam
1256 818 1410 877 sylvam

57 894 350 941 combusserit.
422 897 516 950 Qua
554 893 606 938 de
642 909 688 938 re
723 893 763 938 hi
798 909 943 939 versus
979 897 1197 956 compositi
1235 904 1362 942 sunt:

254 976 407 1022 Viridis
443 975 554 1035 sylva
591 976 766 1019 allocuta
804 980 868 1020 est
903 991 1018 1020 mare

260 1056 540 1118 profundum,
578 1056 744 1115 fragosa
782 1072 881 1101 voce
917 1065 1168 1103 resonante:

256 1137 359 1182 fines
395 1136 558 1197 imperii
594 1136 677 1180 mei
713 1137 835 1181 latius

255 1218 491 1278 proferam,
535 1223 653 1277 parte
689 1218 748 1261 tui
785 1217 982 1277 ademta3

255 1299 405 1344 melius
443 1298 564 1343 decet
600 1297 722 1357 stirps
760 1298 921 1344 arboris
959 1315 1052 1344 cum
1089 1307 1239 1345 ornatu

260 1379 399 1438 ssoris,
445 1395 570 1440 quam
607 1378 770 1423 steriles
806 1380 959 1425 undae:

256 1461 483 1521 plantatam
519 1460 670 1521 sylvam
702 1476 827 1519 supra
863 1475 1008 1521 aequor

257 1556 365 1586 noxa
402 1540 610 1586 adfectum
649 1542 839 1587 elevabo.

335 1621 567 1666 Humidum
602 1638 717 1667 mare
754 1628 897 1666 contra
933 1621 1064 1666 dixit:

257 1717 338 1761 ego
373 1703 414 1746 in
449 1708 491 1747 te
527 1709 780 1763 potestatem
816 1702 1064 1762 usurpab03

255 1781 448 1841 frutices,
493 1783 603 1828 elisis
639 1782 882 1841 radicibus,

257 1878 333 1923 per
368 1863 528 1908 lucidos
565 1863 706 1908 latices
743 1864 960 1909 natabunt.

256 1944 398 1989 Arena
435 1943 540 1988 freta
576 1944 839 1989 interclusit:

258 2039 375 2069 mare
411 2024 510 2068 nihil
546 2025 625 2069 loci
661 2031 826 2070 nactum
864 2031 958 2070 est:

257 2104 457 2150 robustus
494 2120 592 2150 vero
629 2105 871 2150 interfector
906 2106 1108 2167 cujusque
1145 2108 1241 2167 ligni

257 2184 363 2229 circa
400 2192 593 2231 truncum
630 2186 789 2231 arboris
826 2187 1108 2246 grassabatur.

56 2266 177 2328 Sylva
197 2265 402 2325 significat
418 2266 606 2324 Judaeos,
643 2282 758 2311 mare
779 2267 1014 2326 Chaldaeos,
1053 2284 1179 2312 arena
1205 2269 1409 2329 nationeS,

56 2362 151 2408 quae
178 2361 357 2405 regnum
387 2346 678 2392 Chaldaeorum
707 2346 967 2406 deleverunt,
1005 2348 1109 2407 ignis
1132 2349 1409 2408 (doctrinam)

12 2479 14 2483 ¹
57 2426 364 2487 evangelicam,
402 2442 494 2488 quae
529 2427 611 2487 legi
644 2426 889 2472 Judaeorum
927 2429 1194 2475 succedebat.

149 2624 190 2668 a)
216 2624 280 2658 cfr.
305 2625 372 2658 Jus
397 2625 480 2659 eccl.
504 2627 658 2667 Novum,
684 2635 757 2668 cap.
787 2625 838 2658 13.
864 2626 905 2659 de
928 2626 1179 2671 Eleemosynis.
