1919 3329
1457 249 1483 276 V

144 368 239 410 dcc
222 370 441 426 yeqantede
471 369 730 435 Ilaloyiana
735 370 1072 435 (Halgauoll-
1019 398 1073 406 ....
1095 367 1308 420 porget-61·
1330 368 1480 419 110133-

144 439 329 493 bum-P)
360 450 395 483 et
424 440 474 482 de
508 439 657 490 Ἠιοιε,
691 453 867 495 quorum
896 439 940 481 in
969 437 1167 495 exemplis
1197 435 1337 479 allatis
1367 449 1478 478 men-

142 516 293 551 tionem
320 509 436 562 facit.

250 609 294 650 11.
365 608 483 651 Alter
519 615 720 650 tractatus
759 606 809 649 dc
846 606 1063 664 alphabeto
1092 608 1219 661 (’'um
1249 607 1477 660 staf1·0fit‘')

134 691 181 734 p.
211 677 399 721 44-61
418 711 428 730 ,
475 676 592 735 cujus
623 685 768 720 auctor
796 676 1109 733 iynotus‘circa
1137 691 1297 719 annum
1327 676 1478 720 1200

138 747 334 800 floruisse
361 747 542 790 videtur.
614 747 699 790 Hic
727 755 951 798 tractaIuS‚
998 748 1072 804 qui
1099 747 1157 789 ad
1185 761 1260 790 nos
1290 747 1413 790 initio
1442 756 1477 790 et

138 816 237 859 aliis
274 816 374 860 locis
409 831 581 860 mancus
612 818 831 874 pervenit,
877 831 929 860 ea:
964 817 1127 859 duobus
1158 818 1358 871 conflatus
1389 826 1473 869 est,

136 886 268 930 altero
305 901 358 928 esc
391 888 504 942 fonte
534 888 693 930 exotico
723 887 891 939 hausto,
929 887 981 929 ab
1012 886 1178 930 Isidori
1204 887 1474 944 Hispalensis

135 957 305 1013 scriptis
335 957 541 1014 oriyinem
571 956 768 1009 ducente,
809 957 883 1014 qui
911 957 1055 1000 literas
1086 970 1178 998 cum
1206 957 1314 999 notis
1345 965 1380 999 et
1408 958 1474 999 in-

134 1028 374 1070 strumentis
403 1028 575 1070 musicis
606 1028 888 1084 comparavit,
933 1027 1063 1069 altero
1093 1026 1331 1079 Islandico,
1377 1028 1406 1070 i.
1439 1042 1471 1071 e.

134 1105 315 1140 tractatu
343 1098 513 1155 primo,
557 1097 674 1154 cujus
704 1106 870 1154 partem
905 1106 1050 1139 auctor
1085 1096 1211 1140 verbo
1246 1105 1363 1140 tenus
1403 1113 1473 1141 ea:-

133 1167 321 1223 scripsit.
382 1167 468 1211 Sed
491 1167 565 1210 has
589 1167 836 1224 scriptiones
862 1176 944 1210 tam
968 1167 1146 1209 diversoe
1175 1167 1333 1211 indolis
1363 1168 1474 1212 inter

132 1249 176 1279 se
205 1232 445 1280 consociare
468 1252 552 1280 non
575 1238 726 1290 valuit,
759 1252 890 1294 quare
913 1238 1035 1280 etiam
1057 1238 1102 1279 in
1125 1237 1266 1280 multis
1288 1238 1470 1291 vacillat,

134 1314 171 1349 et
198 1306 426 1350 dissimilia
450 1308 627 1350 invicem
649 1308 803 1351 miscet.
864 1308 950 1351 Sed
974 1316 1108 1350 tamen
1134 1316 1335 1350 tractatus
1361 1307 1472 1351 hicce

131 1390 383 1434 maqnopere
409 1377 692 1420 memorabilis
724 1386 800 1430 est,
831 1392 931 1421 nam
960 1387 996 1420 et
1019 1378 1164 1420 literas
1191 1378 1390 1434 Anqlicas
1419 1380 1469 1433 Ῐ),

132 1458 175 1497 ν,
206 1448 229 1487 ὃ
261 1461 304 1489 eo
325 1448 445 1490 modo
470 1447 516 1490 in
538 1461 660 1490 usum
680 1456 808 1500 vocat,
842 1462 921 1505 quo
943 1448 989 1490 in
1009 1448 1222 1490 codicibus
1241 1447 1470 1492 Islandicis

131 1515 316 1559 melioris
333 1527 438 1560 notae
453 1527 678 1574 usurpatos
704 1531 789 1559 esse
810 1517 1019 1569 videmus,
1050 1526 1085 1560 et
1100 1517 1262 1560 Raslcio
1284 1528 1472 1562 monente

132 1585 296 1628 literam
324 1588 347 1627 ὃ
374 1588 555 1644 fortasse
570 1589 738 1644 primus
763 1587 809 1630 in
833 1587 1098 1644 alphabetum
1121 1587 1383 1631 Islandicum
1404 1590 1470 1632 in-

132 1656 338 1700 troduxit.
402 1657 503 1700 Cum
531 1657 605 1700 hoc
634 1666 812 1700 tractatu
843 1658 1031 1711 conferri
1056 1666 1238 1700 meretur
1267 1666 1468 1702 tractatus

131 1724 290 1778 brevis,
323 1740 440 1784 quem
463 1727 595 1769 codex
615 1727 875 1784 Upsaliensis
903 1727 1011 1769 clavi
1031 1727 1213 1770 metricoe
1231 1727 1468 1772 Snorronis

123 1798 345 1853 proemittit
378 1796 504 1852 (vide
533 1796 619 1853 huj.
653 1796 763 1839 Tom.
789 1811 836 1854 p.
862 1796 1161 1851 364—369)
1191 1811 1282 1840 cum
1311 1798 1466 1841 tabulis

130 1866 399 1923 alphabeticis
415 1867 486 1923 (p.
505 1865 610 1910 365
624 1876 659 1910 et
673 1866 830 1922 368),
863 1880 967 1924 quas
994 1876 1134 1924 aperte
1156 1867 1309 1924 alleqat
1327 1877 1467 1911 noster

127 1934 200 1993 (p.
217 1936 344 1992 48),
374 1936 449 1979 sed
479 1950 570 1994 quae
599 1945 672 1980 aut
699 1936 870 1979 incuria
898 1936 1075 1980 librarii
1102 1945 1173 1980 aut
1202 1938 1300 1980 aliis
1327 1938 1465 1981 causis

128 2006 250 2049 nobis
280 2007 434 2062 iqnotis
459 2007 499 2049 h.
524 2006 552 2049 l.
577 2007 740 2050 omissoe
761 2016 888 2050 sunt.-
930 2020 1029 2050 nam
1055 2021 1107 2050 ex
1129 2006 1194 2050 Itis
1219 2007 1466 2051 tractatibus

129 2075 234 2119 alter
262 2076 437 2119 alterum
464 2076 658 2134 supplere
679 2084 828 2134 potest.

236 2187 300 2228 111.
371 2185 587 2228 Tractatus
622 2185 731 2243 Olafi
759 2185 918 2228 leordi
942 2185 1026 2244 filii
1047 2186 1280 2244 Albipoe'toe
1309 2189 1463 2241 (Hvita-

127 2256 241 2298 skald
269 2255 309 2312 ’ᾗ
335 2255 520 2310 1259),
551 2270 598 2314 p.
633 2255 886 2308 62—189,
933 2270 985 2298 ex
1015 2255 1179 2300 duabus
1208 2256 1462 2301 sectionibus

128 2334 346 2378 constans,
387 2339 567 2383 quarum
588 2328 735 2383 prima
764 2325 815 2368 de
843 2326 985 2377 sonis,
1024 2327 1185 2379 literis,
1223 2327 1398 2382 syllabis
1428 2336 1463 2371 et

125 2396 314 2438 oratione
364 2395 532 2453 ejusque
575 2396 777 2453 partibus
822 2397 841 2451 (
858 2397 1156 2439 Mfflfraeffinnar
1197 2398 1458 2450 grundvollr,

120 2477 168 2521 p.
202 2464 454 2520 62—92),
499 2466 632 2509 altera
671 2466 720 2509 de
751 2466 904 2524 fiyuris
942 2467 1147 2510 orationis
1186 2467 1460 2521 (Malskrnos-

125 2535 266 2585 fraeoi,
290 2548 337 2592 p.
373 2535 635 2592 92-189)
664 2538 766 2594 aqit.
841 2536 894 2580 Si
922 2550 1013 2579 cum
1038 2537 1274 2593 sraqmento
1304 2536 1459 2579 codicis

124 2604 436 2648 membranaceo
464 2606 834 2663 Arnamaqnoeano
858 2607 937 2650 Nr.
959 2606 1077 2650 757.
1101 2607 1149 2649 4.
1174 2606 1283 2648 hunc
1306 2613 1459 2648 tracta-

125 2681 228 2726 tum,
261 2675 421 2732 qualem
450 2689 502 2717 ex
531 2676 684 2718 codicis
714 2676 952 2720 Wormiani
980 2676 1226 2719 auctoritate
1252 2674 1456 2726 dedimus,

127 2756 425 2800 comparamus,
456 2746 689 2790 verosimile
708 2747 772 2802 fit,
809 2745 978 2802 Olafum
1001 2746 1110 2789 hunc
1131 2752 1351 2790 tractatum
1374 2757 1457 2786 non
