1832 3294
69 217 140 261 VI.
175 216 287 264 8-9.
551 238 742 273 meunAE
770 239 1031 273 camonis.
1330 222 1422 270 211

332 359 372 402 in
409 360 500 404 aula
536 360 657 404 lucidi
693 360 829 405 cordis
866 361 1005 421 palatii

329 439 519 498 virginis,
558 439 758 499 sapientia
794 443 1048 487 excellentis.

66 517 150 564 Ubi
186 522 310 578 poeta
346 520 511 563 laudem
547 520 748 564 Johannis
785 521 839 565 ita
876 522 928 566 ad
964 523 1092 567 finem
1127 523 1340 583 perducit,
1377 530 1425 570 ut

7 610 9 614 ‘
65 598 161 643 inde
196 600 285 643 laus
323 599 462 644 Sancti
492 599 653 643 Nicolai
690 607 909 660 augeatur.
978 599 1143 648 Eodem
1171 604 1298 648 modo
1336 604 1425 648 haec

65 679 200 738 figura
235 679 423 724 adhiberi
460 685 600 739 potest
636 679 676 723 in
713 681 964 726 carminibus
1000 683 1247 743 probrosis,
1292 699 1421 745 quum

64 761 197 804 malus
244 760 390 821 aliquis
427 760 553 804 homo
590 759 823 820 adpellatur
858 762 963 807 alter
995 763 1156 823 sudas,
1210 771 1281 809 aut
1327 764 1423 809 mali

64 840 280 900 cujusdam
307 841 483 886 hominis
512 841 750 900 exemplum
777 841 1123 888 adcommodatur
1141 843 1192 889 ad
1211 844 1422 889 infamiam

65 921 154 980 ejus
190 920 438 981 augendam.
508 923 587 966 Hae
624 921 786 982 species
819 923 904 967 sive
933 923 1046 968 modi
1072 924 1299 984 Ecbasios,
1336 930 1422 969 tam

10 1051 12 1066 i
63 1001 121 1061 is,
159 1017 242 1062 quo
261 1002 438 1061 Bragius
468 1002 509 1046 in
536 1002 727 1047 encomio
746 1003 1011 1062 Ragnariano
1032 1010 1232 1063 cognatos
1251 1005 1421 1064 Asl‘ogae

63 1081 269 1141 laudavit7
305 1088 353 1126 ut
389 1082 524 1126 honor
560 1083 649 1142 ejus
688 1083 938 1142 (Ragnaris)
974 1084 1109 1142 major
1144 1100 1270 1146 quam
1298 1092 1421 1130 antea

65 1162 404 1222 existimaretur7
452 1178 578 1224 quam
613 1163 715 1222 ille,
770 1179 854 1224 quo
890 1171 1185 1224 argumentum
1222 1181 1421 1210 versuum

12 1234 15 1298 ζ
62 1243 369 1288 intercalarium
414 1243 452 1287 in
491 1244 742 1288 carminibus
780 1243 832 1289 de
869 1245 1119 1289 Sanctorum
1155 1245 1362 1290 miraculis
1398 1261 1422 1290 a

61 1324 185 1369 laude
220 1324 349 1384 ipsius
387 1324 468 1369 Dei
503 1324 736 1384 repetitur,
772 1330 820 1369 ut
854 1324 1029 1369 effector
1064 1325 1251 1369 omnium
1285 1326 1420 1370 mira-

14 1416 17 1437 ἱ
63 1405 253 1450 culorum
298 1411 340 1449 et
382 1410 634 1464 cooperator
674 1405 904 1449 amicorum
947 1420 1120 1449 suorum
1157 1403 1306 1449 clarius
1343 1420 1420 1449 re-

15 1472 17 1548 ¹,
62 1491 365 1546 praesentetur7
403 1485 504 1529 item
538 1485 625 1543 ille,
664 1500 748 1545 quo
786 1484 887 1528 alius
923 1485 984 1530 vir
1019 1487 1197 1530 Sanctus
1227 1485 1419 1545 exemplo

16 1549 17 1570 ἶ
64 1565 170 1610 alius
206 1566 467 1625 illustratur,
506 1571 577 1609 aut
612 1565 714 1609 alius
752 1565 811 1609 vir
845 1565 978 1610 malus
1014 1566 1121 1610 mala
1160 1565 1261 1610 alius
1296 1580 1420 1609 com-

63 1646 369 1692 memoratione
406 1646 699 1706 vituperatur,
737 1645 996 1689 necessitatis
1034 1652 1106 1689 aut
1140 1644 1315 1690 ornandi
1349 1650 1422 1690 aut

64 1726 324 1788 vituperandi
352 1742 491 1783 causa,
529 1725 754 1770 admodum
784 1724 883 1769 liciti
911 1731 1030 1784 sunt,
1067 1724 1143 1769 sed
1171 1725 1337 1771 inutiles
1367 1723 1420 1769 ab

64 1812 315 1868 argumento
351 1807 565 1866 digressus
602 1805 771 1850 omnino
809 1811 905 1849 sunt
940 1804 1139 1865 fugiendi.

163 1919 209 1966 9.
287 1921 505 1965 EMPHASIS
542 1917 788 1983 (ἔμφασις)
825 1917 942 1977 ponit
976 1932 1067 1961 rem
1103 1915 1421 1961 substantialem

63 2016 140 2063 pro
176 2016 224 2046 re
261 1999 433 2058 mobili,
487 2004 535 2043 ut
569 2013 698 2058 quum
735 1997 890 2058 aliquid
925 1997 1082 2041 homini
1118 1996 1309 2041 accidens
1345 2011 1422 2055 pro

66 2083 156 2142 ipso
189 2080 358 2125 homine
394 2078 700 2138 significamus,
738 2094 775 2123 v.
805 2093 840 2122 c.
871 2079 1132 2122 nominantes
1161 2076 1318 2121 facinus
1345 2091 1422 2136 pro

67 2162 336 2219 facinoroso,
400 2157 646 2219 sapientiam
699 2173 775 2218 pro
827 2157 1032 2217 sapiente.
1129 2158 1237 2212 Quae
1289 2157 1423 2216 figura

66 2248 197 2288 totam
234 2246 483 2301 sequentem
519 2239 735 2298 stropham
771 2244 979 2298 occupat:

424 2437 513 2469 Hinn
542 2435 631 2479 fyrri
658 2446 719 2467 var
745 2446 806 2467 svo
836 2436 938 2478 rylldr
965 2436 1006 2467 af
1028 2446 1115 2477 aeru,

424 2498 504 2531 frioi
533 2497 676 2538 helgaor
700 2497 709 2529 i
739 2496 857 2528 moour
882 2496 974 2529 kvibi
991 2519 1001 2538 ,

424 2558 497 2591 meh
525 2558 628 2599 fingri
656 2558 709 2590 sin
737 2558 781 2589 ok
810 2557 915 2590 (rubri
943 2558 1070 2597 magu,

426 2618 656 2664 fyrirrennari
684 2617 770 2660 gubz
800 2619 879 2651 nafn
905 2616 1040 2650 kcnnir.

70 2695 107 2738 12)
134 2697 191 2730 sic
217 2696 413 2737 dedimus,-
442 2695 613 2738 leyfiliff,
646 2693 699 2725 W.
748 2712 793 2717 —
846 2694 879 2736 ³)
907 2693 1033 2736 onyt'‘'‚
1064 2693 1117 2725 W.

1103 2848 1167 2881 Η*
