1878 3309
60 219 91 261 Ι.
130 217 174 261 5.
548 234 606 265 nE
646 234 933 267 firmamo.
1354 214 1415 260 27

0 352 1 360 ¹
58 357 191 418 Igitur
210 356 482 419 quaerendum
501 363 583 411 est,
603 356 637 401 si
653 356 759 402 sorte
773 356 1030 417 reperiamus
1043 354 1153 401 idem
1166 354 1415 401 vocabulum

59 439 114 483 ita
140 439 470 500 pronuntiatum,
506 443 553 482 ut
577 436 644 481 illa
671 437 822 482 vocalis
842 436 894 482 ab
915 438 1044 482 altera
1063 438 1192 483 vocali
1214 437 1416 498 disjuncta

59 520 127 580 sit,
164 521 220 566 ita
246 526 293 565 ut
317 520 381 564 hoe
409 518 597 577 vocales,
634 533 728 579 quae
755 518 1003 580 plerumque
1033 520 1264 580 conjunctae
1291 534 1417 564 unam

59 610 249 663 utraeque
280 600 434 646 faciunt
461 598 678 660 syllabam,
715 614 834 644 suam
863 600 1018 644 utravis
1038 601 1235 661 syllabam
1254 602 1418 646 consti-

2 719 3 725 ,
60 689 193 728 tuant.
228 684 371 727 Poetae
390 688 486 726 sunt
504 686 696 725 auctores
717 680 850 725 omnis
868 680 1065 725 doctrinae
1084 688 1127 726 et
1145 681 1417 727 distinctionis

2 769 4 774 ’
60 765 99 809 in
123 779 337 823 sermone,
364 763 489 809 veluti
509 761 613 807 fabri
633 777 809 823 operum
828 760 1038 807 fabrilium
1058 770 1129 808 aut
1141 763 1418 822 jureconsulti

61 846 218 905 legum.
289 846 484 900 Quorum
509 860 616 889 unus
644 843 735 889 haec
759 849 833 889 aut
858 843 922 888 his
949 843 1096 888 similia
1123 844 1301 890 cecinit:

322 925 518 971 Edebant
553 925 714 971 duriter
748 925 910 971 contusi

322 1003 455 1066 clypei
491 1003 737 1065 strepitum,
775 1002 1076 1049 exardescente

324 1097 490 1143 pugna,
525 1081 677 1127 vetusti
713 1097 812 1126 vero
849 1080 1110 1126 dissiliebant

324 1160 552 1206 conventus
588 1159 790 1221 proeliaris
826 1159 966 1204 annuli
1003 1160 1127 1204 ferrei
1142 1169 1178 1205 ἢ.

0 1237 1 1291 ἶ
62 1241 138 1288 Cui
159 1257 289 1303 quum
309 1241 536 1287 harmoniae
553 1242 737 1287 metricae
757 1241 821 1286 lex
842 1241 1026 1286 officium
1047 1241 1282 1303 imponeret
1298 1243 1420 1288 unius

63 1322 232 1384 syllabae
268 1322 511 1384 diripiendae
548 1330 590 1369 et
625 1324 665 1368 in
702 1323 805 1368 duas
843 1323 1152 1382 distrahendae,
1205 1331 1251 1369 ut
1281 1325 1421 1385 justus

0 1462 1 1471 ἵ
62 1404 316 1466 syllabarum
362 1421 563 1450 numerus
607 1406 647 1449 in
686 1405 914 1449 variatione
950 1406 1122 1450 metrica
1159 1413 1420 1465 servaretur,

0 1530 3 1554 ᾗ
62 1487 173 1531 nulla
204 1493 343 1532 tamen
372 1501 469 1531 eum
497 1486 634 1545 coegit
652 1487 904 1546 necessitas,
942 1494 988 1531 ut
1006 1487 1145 1532 literas
1166 1494 1424 1548 permutaret

64 1576 107 1614 et
142 1583 168 1614 e
197 1569 287 1613 loco
318 1574 337 1612 i
365 1567 607 1628 adhiberet,
644 1568 677 1612 si
705 1568 841 1628 potius
880 1575 899 1612 i
934 1584 1059 1630 quam
1087 1583 1114 1613 e
1141 1568 1422 1614 adhibendum

0 1633 1 1694 ζ
65 1650 235 1710 suisset,
273 1649 350 1694 etsi
386 1665 434 1694 ea
473 1649 604 1694 forma
638 1649 738 1694 mihi
770 1649 907 1695 minus
935 1650 1153 1711 probetur.
1225 1651 1296 1695 Sin
1324 1666 1423 1695 vero

0 1782 1 1786 Ἰ
64 1731 210 1793 aliquis
247 1729 354 1776 adeo
391 1730 444 1775 sit
479 1730 518 1775 in
556 1746 629 1776 sua
667 1731 874 1776 sententia
910 1731 1123 1793 pertinax,
1161 1732 1423 1794 aliorumque

65 1812 283 1858 sententiae
319 1810 425 1857 adeo
461 1810 739 1871 adversetur,
786 1818 833 1857 ut
868 1818 930 1858 tot
965 1812 1294 1873 intelligentibus
1328 1814 1424 1858 viris

64 1894 336 1956 obloquatur,
374 1893 444 1954 qui
464 1893 779 1954 confirmarunt,
818 1902 860 1939 et
878 1910 923 1938 se
943 1894 1055 1955 ipsos
1075 1894 1155 1938 hoc
1175 1893 1424 1939 vocabulum

65 1975 121 2020 ita
141 1975 429 2036 pronuntiare,
467 1981 690 2036 antequam
719 1991 799 2035 ego
827 1975 868 2020 id
895 1976 1158 2037 scripseram,
1196 1983 1239 2021 et
1257 1975 1425 2020 audisse

0 2090 1 2105 l
65 2057 168 2102 alios
197 2056 387 2101 homines
416 2055 527 2101 idem
554 2056 608 2101 ita
628 2057 963 2118 pronuntiantes,
1000 2058 1060 2102 uti
1080 2058 1205 2102 modo
1226 2057 1425 2117 scriptum

65 2144 162 2197 est3
209 2153 335 2199 quam
371 2144 416 2183 tu
454 2154 599 2183 vocem
635 2139 674 2183 in
711 2137 814 2183 duas
851 2138 1029 2200 syllabas
1067 2138 1238 2184 divisam
1274 2155 1350 2200 per
1383 2148 1423 2197 τ,

65 2235 150 2264 non
187 2234 264 2280 per
300 2234 356 2278 e,
413 2219 671 2265 efferendam
717 2236 811 2265 esse
857 2221 1105 2266 contendis:
1160 2221 1330 2266 salutari
1366 2222 1425 2266 uti

2 2308 3 2316 ¹
68 2300 238 2346 consilio
276 2301 444 2346 Catonis
481 2302 597 2361 volo,
635 2301 748 2363 quod
785 2302 869 2347 filio
906 2303 1096 2348 versibus
1125 2303 1259 2348 latinis
1289 2303 1425 2348 dedit:

202 2382 358 2428 Contra
396 2382 596 2428 verbosos
635 2384 715 2428 noli
753 2383 1010 2429 contendere
1045 2384 1215 2444 verbis3

201 2480 341 2508 sermo
379 2462 501 2509 datur
536 2465 722 2524 cunctis,
761 2465 884 2509 animi
921 2466 1121 2527 sapientia
1158 2467 1315 2527 paucis.

161 2569 201 2612 ἰὲ)
226 2569 464 2603 Constructiot
490 2572 578 2604 hart
594 2571 642 2613 of
651 2567 861 2616 krafd'ir(0t)
880 2573 1022 2606 skildir
1035 2568 1151 2615 ΙιόῙδιι
1163 2549 1283 2617 gy-a'ny,
1305 2550 1427 2607 hildi

69 2628 119 2661 o'x
135 2624 206 2662 υἰδ
217 2628 293 2673 fiat,
321 2638 366 2662 en
384 2628 523 2671 qamlir
541 2630 759 2674 yunnfiz'nqs
778 2630 1092 2676 edrnhrinqar(ss)
1108 2632 1291 2675 spru'nyu.
1341 2631 1430 2665 Vide

72 2687 159 2719 Hks·-
174 2686 229 2719 01.
243 2686 362 2719 Sancti
378 2687 460 2719 hist.
476 2697 551 2729 cap.
568 2687 626 2730 12,
653 2692 717 2721 str.
735 2688 764 2721 l.

163 2762 219 2804 (α)
245 2762 267 2795 ἱ.
283 2773 313 2796 e.
339 2763 510 2797 kramdir
531 2763 635 2806 (ΓΞ
657 2766 739 2809 m),
766 2776 785 2799 a
808 2765 973 2808 leremja,
1001 2767 1219 2801 contundere.
1259 2765 1324 2809 »(β)
1351 2765 1373 2813 ἰ..
1399 2776 1429 2797 e.

75 2819 187 2853 annuli
214 2820 408 2854 loricarum.
