1832 3294
99 211 170 255 lv.
209 208 286 255 21.
578 227 770 259 FrounAE
800 226 1064 260 oRA'rioxis.
1355 205 1451 252 235

297 348 421 394 Solus
460 347 525 392 ille
563 364 677 408 purae
716 349 891 393 sortunae

296 428 495 490 praebitor
530 429 886 474 circumcisionem
923 431 1095 490 accepit.

296 511 534 571 Baptismus
571 500 786 570 aquaticus
823 510 1035 554 hominum
1073 512 1185 569 regis

297 591 514 635 meliorem
551 590 831 634 conditionem
869 606 987 650 aquae
1025 597 1262 650 paraverat,

298 678 522 731 antequam
561 670 670 730 pacis
708 670 855 715 doctor
890 671 1092 730 triplicem

298 751 568 796 tentationem
606 751 794 795 esuriens
831 750 1040 795 sustinuit.

371 832 590 877 Cruciatus
626 832 831 876 coelorum
865 846 938 876 rex
976 830 1027 875 ad
1064 832 1189 876 coelos

296 927 476 957 unacum
513 912 748 972 captivitate
784 912 1033 972 spirituum,

297 991 550 1037 cruciatibus
587 993 790 1050 liberata,
827 991 1074 1049 adscendit,

296 1075 437 1118 Deum
472 1073 702 1117 Dominum
738 1073 872 1117 visum
908 1072 992 1116 ivit.

296 1154 410 1199 Misit
445 1154 598 1198 amoris
635 1154 827 1214 spiritum

296 1235 477 1279 universi
515 1242 656 1279 custos
693 1234 947 1279 hominibus.

297 1314 413 1360 Idem
452 1316 564 1359 vivus
601 1316 737 1360 veniet
772 1315 810 1359 in
849 1321 1003 1360 terram

299 1395 351 1441 ad
387 1402 576 1441 mortuos
612 1396 801 1441 homines
832 1396 1097 1455 judicandos.

98 1480 180 1527 Hic
213 1492 375 1522 summa
411 1477 654 1536 Theologiae
691 1476 853 1521 duabus
884 1478 1063 1538 strophis
1098 1478 1291 1523 collatato
1321 1485 1456 1523 metro

100 1558 340 1605 includitur.
419 1559 523 1602 Haec
568 1557 715 1601 eadem
759 1557 892 1617 figura
929 1559 1008 1602 alio
1046 1559 1211 1603 nomine
1248 1561 1456 1603 BnAcnY-

99 1656 228 1685 LOGIA
255 1639 502 1699 appellatur,
540 1639 802 1699 eandemque
832 1654 879 1682 ac
908 1640 1021 1699 prior
1047 1639 1249 1699 originem
1279 1639 1456 1683 nominis

100 1720 243 1765 habet.
314 1718 496 1772 Quidam
540 1719 729 1778 magistri
779 1719 953 1778 dicunt,
1002 1720 1092 1779 ejus
1137 1720 1317 1780 speciem
1365 1735 1457 1763 esse

103 1802 356 1857 CLIMACEM,
394 1800 464 1860 qui
500 1800 649 1859 aequali
686 1799 930 1859 gradatione
969 1815 1092 1844 unam
1129 1800 1379 1845 sententiam
1409 1814 1460 1853 ex,

102 1881 233 1926 altera
270 1879 463 1938 deducit,
509 1887 556 1925 ut
591 1881 669 1925 hoc
706 1881 828 1925 loco:

168 1960 375 2020 Cogitatio
411 1967 594 2006 maturat
629 1961 781 2006 foedam
818 1962 1111 2021 cupiditatem,

167 2040 371 2102 cupiditas
408 2041 516 2101 parit
550 2042 720 2086 noxium
756 2058 1028 2101 consensum,

168 2136 398 2166 consensus
435 2122 542 2182 parit
577 2130 794 2183 peccatum
832 2130 874 2168 et
909 2138 1079 2183 poenas,

168 2208 387 2264 peccatum
422 2204 571 2247 malam
608 2204 951 2248 consvetudinem
988 2202 1144 2263 induit,

102 2399 217 2431 liknar
241 2402 412 2431 m‘o’nnum.
458 2416 501 2422 --
552 2397 585 2441 ³)
612 2397 652 2431 in
684 2398 729 2429 W
752 2399 945 2432 omissum.
984 2418 1029 2423 --
1079 2399 1112 2442 ⁴¹)
1140 2399 1181 2432 in
1210 2401 1253 2432 W
1275 2399 1460 2440 scriplum

104 2459 239 2502 dvnax,
278 2461 346 2493 sed
370 2461 413 2492 A.
439 2460 562 2501 Magn.
588 2469 720 2492 veram
745 2461 944 2493 lectionem
969 2460 1093 2492 climax
1126 2460 1166 2492 in
1192 2460 1364 2502 muryine
1390 2460 1459 2491 ad-

103 2521 262 2553 notavit.
287 2540 330 2545 —
357 2519 390 2563 ⁵)
417 2521 509 2553 leid.
539 2520 646 2563 θήῃ.
670 2521 717 2562 2,
743 2521 813 2553 21:
851 2521 1007 2553 ’'Cumax
1033 2525 1085 2552 est
1111 2521 1290 2561 gradatio,
1317 2531 1389 2552 cum
1419 2519 1459 2550 ab

105 2591 143 2612 eo
170 2582 291 2623 verbo,
318 2592 380 2625 quo
408 2592 532 2613 sensus
558 2581 715 2623 superior
740 2581 964 2622 terminatur,
991 2582 1136 2614 inferior
1161 2581 1297 2623 incipit,
1325 2591 1365 2612 ac
1399 2580 1460 2611 de-

104 2640 182 2673 hinc
208 2642 303 2684 quasi
332 2653 391 2684 per
416 2643 545 2683 gradus
571 2642 704 2675 dicendi
731 2643 812 2675 ordo
845 2647 1013 2675 servatur.
1080 2645 1173 2675 Hanc
1199 2644 1342 2683 figuram
1371 2651 1458 2672 non-

105 2702 188 2734 nulli
215 2704 375 2736 Cunnum
409 2703 616 2745 appel!ant’'.
