1832 3294
99 223 173 267 111.
210 219 256 266 4.
391 239 752 272 FUNDAMENTUM
791 239 1143 273 GRAMMATwEs.
1376 224 1435 271 81

94 360 285 422 quaedam
305 369 627 423 postponuntur,
664 369 711 407 ut
738 378 764 408 e
791 370 833 408 et
859 371 897 423 z‘,
937 380 963 409 ο
993 371 1034 409 et
1059 379 1106 410 u.
1176 365 1250 409 Eae
1277 365 1436 410 vocales

94 449 252 487 naturae
280 445 574 489 convenienter
593 443 631 486 in
653 445 974 502 conglutinando
994 452 1307 507 praeponuntur,
1345 462 1438 507 quae

92 539 242 569 sonum
271 525 425 570 habent
452 525 595 569 intimo
625 525 733 569 vocis
765 526 952 570 humanae
986 528 1263 573 instrumento
1290 529 1437 589 proxi-

91 621 229 651 mum:
260 607 338 651 illae
357 612 678 667 postponuntur,
701 622 794 667 quae
814 607 853 650 in
873 606 1135 653 distinctione
1156 610 1245 654 soni
1266 611 1435 671 propius

93 688 295 732 accedunt
313 687 364 732 ad
382 689 634 733 elementum
650 689 782 747 vocis,
809 694 855 732 ut
874 702 906 733 a
927 690 1181 749 praeponitur
1199 693 1262 754 τῷ
1282 706 1308 736 e
1328 699 1370 737 et
1388 707 1434 752 v,

92 783 119 814 e
146 785 245 814 vero
274 770 337 833 τῷ
357 783 383 814 0
405 776 447 814 et
465 783 498 814 u
518 769 567 827 (i.
589 785 626 814 e.
644 769 703 830 y)
721 803 732 829 ,
770 785 821 814 eo
842 769 954 830 quod
972 770 1005 813 is
1026 785 1153 815 sonus
1173 778 1236 816 est
1254 773 1434 833 tenuior,

90 850 161 911 qui
194 850 353 911 pectori
390 851 560 911 propior
595 857 658 896 est
697 857 739 895 et
769 851 882 912 prius
914 850 1110 910 effertur,
1146 851 1215 896 ille
1242 855 1434 912 crassior,

90 930 162 992 qui
196 931 288 976 loco
324 932 520 977 anteriori
556 932 757 977 formatur
791 939 833 977 et
867 933 1055 992 ampliori
1091 933 1223 992 spatio
1252 934 1433 993 gaudet3

89 1018 215 1073 atque
244 1013 283 1057 in
312 1013 666 1073 conglutinatione
694 1013 896 1058 vocalium
921 1014 953 1059 is
982 1029 1108 1058 sonus
1136 1013 1292 1059 facilius
1320 1031 1435 1075 prae—

89 1094 288 1155 ponitur,
326 1095 394 1157 qui
429 1095 543 1156 prior
578 1095 811 1155 formatur,
848 1095 917 1140 ille
954 1095 1110 1140 facilius
1145 1097 1433 1156 postponitur,

90 1176 159 1237 qui
195 1176 343 1221 serius.
422 1178 467 1221 In
504 1176 628 1221 latino
664 1191 859 1222 sermone
896 1176 1176 1237 diphthongus
1212 1177 1345 1223 tribus
1383 1179 1434 1224 de

88 1258 222 1303 causis
257 1258 420 1303 inventa
448 1264 534 1313 est,
573 1258 817 1319 euphoniae,
855 1258 1125 1303 distinctionis
1152 1265 1194 1303 et
1220 1261 1435 1320 composi-

87 1340 210 1385 tionis
240 1355 363 1384 causa
376 1356 387 1398 3
424 1340 464 1384 in
490 1340 629 1399 lingua
658 1355 755 1384 vero
774 1340 1005 1400 Norvegica
1027 1339 1187 1384 duabus
1209 1338 1260 1384 de
1280 1341 1431 1399 causis,

89 1421 362 1467 distinctionis
407 1428 450 1466 et
493 1421 710 1482 euphoniae
756 1436 894 1466 causa.
981 1420 1266 1466 Distinctionis
1309 1438 1433 1467 causa

89 1502 370 1564 diphthongus
406 1503 571 1547 inventa
601 1510 665 1548 est
690 1503 730 1547 in
757 1503 896 1562 lingua
921 1503 1177 1562 Norvegica,
1214 1509 1261 1547 ut
1294 1503 1334 1547 in
1370 1504 1432 1549 his

89 1583 342 1643 nominibus,
377 1598 483 1628 mer
502 1584 662 1643 (virgo)
684 1591 725 1628 et
743 1597 830 1628 ser
848 1583 1022 1644 (mare),
1060 1590 1107 1628 ut
1125 1583 1434 1643 distinguantur

87 1681 110 1710 a
138 1664 453 1726 pronominibus
482 1679 569 1710 ser
598 1665 720 1723 (sibi)
752 1671 793 1709 et
820 1679 925 1709 mer
955 1664 1122 1723 (mihi),
1161 1671 1203 1709 et
1228 1665 1269 1709 id
1299 1681 1431 1725 genus

87 1747 188 1791 aliis.
258 1746 488 1806 Euphoniae
519 1761 640 1790 causa
669 1746 951 1805 diphthongus
978 1745 1143 1790 inventa
1169 1751 1248 1805 est,
1285 1752 1332 1791 ut
1350 1747 1430 1806 hic,

87 1826 203 1875 Iakr
222 1827 394 1887 (rivus),
419 1841 516 1886 ssyr
535 1826 791 1886 (terribilis),
823 1842 915 1887 quae
934 1826 1093 1871 dulcius
1114 1842 1263 1871 sonare
1283 1827 1431 1873 existi-

84 1915 264 1969 mantur,
301 1924 427 1970 quam
447 1907 591 1969 loelcr,
630 1922 753 1968 seyr.
822 1907 987 1953 Deinde
1015 1902 1280 1972 sequiturk,
1318 1909 1431 1970 quod

86 2007 216 2036 unum
252 1996 316 2035 est
351 2006 402 2035 ex
435 1990 512 2049 iis,
549 2005 642 2052 quae
677 1989 943 2035 semivocales
980 1996 1192 2035 vocantur.
1262 1990 1430 2036 Deinde

86 2072 276 2134 sequitur
292 2068 349 2137 Υ,
386 2071 500 2134 quod
526 2072 702 2118 duarum
728 2070 1068 2130 consonantium,
1105 2069 1138 2116 lc
1157 2078 1199 2117 et
1212 2088 1262 2132 y,
1298 2071 1429 2117 vicem

85 2154 275 2200 sustinet.
346 2153 544 2214 Sequitur
569 2148 604 2217 s]
632 2159 889 2214 punctatum,
926 2153 1039 2213 quod
1064 2166 1139 2213 pro
1166 2153 1290 2198 latina
1310 2153 1430 2199 litera

88 2234 122 2280 d
157 2236 338 2295 ponitur.
408 2235 572 2280 Eodem
608 2235 733 2279 modo
771 2249 915 2278 omnes
952 2234 1081 2278 literae
1113 2235 1268 2279 runicae
1297 2235 1336 2279 in
1366 2235 1428 2279 his

86 2316 272 2361 formulis
299 2324 526 2377 ponuntur,
565 2331 689 2377 quam
715 2331 805 2360 rem
827 2329 910 2359 non
929 2316 1104 2376 amplius
1125 2315 1428 2375 describemus,

87 2413 170 2442 non
206 2397 316 2442 enim
352 2404 417 2442 est
451 2397 747 2442 necessarium.
833 2396 934 2441 Ideo
977 2398 1041 2442 hae
1084 2403 1265 2458 quatuor
1299 2396 1429 2442 literae

87 2479 239 2524 runicae
275 2485 484 2540 ponuntur
518 2493 593 2538 pro
628 2477 789 2523 duabus
825 2479 1181 2536 consonantibus,
1219 2478 1332 2539 quod
1366 2479 1428 2522 his

89 2559 411 2605 consonantibus
431 2573 558 2604 sonus
580 2559 710 2618 (inter
728 2559 796 2616 se)
819 2559 990 2603 similior
1010 2565 1086 2618 est,
1118 2575 1241 2620 quam
1262 2559 1427 2617 ceteris,

87 2641 198 2686 velut
221 2656 254 2700 y
282 2647 325 2685 et
351 2639 403 2700 lc,
441 2655 466 2686 s
494 2647 617 2700 etz,
656 2640 683 2686 b
713 2646 836 2700 etp,
875 2640 909 2686 d
935 2647 976 2685 et
1004 2647 1035 2684 t.

88 2754 132 2786 W
154 2763 285 2786 errore
310 2754 464 2787 librarii
490 2752 574 2788 sine
600 2755 733 2788 lacuna
759 2755 959 2795 omissum5
992 2754 1106 2787 Rask.
1135 2753 1366 2786 emendavit.-
1392 2761 1428 2784 er

88 2813 258 2847 formeraz
282 2814 411 2849 seinna.
436 2833 481 2840 -—
519 2816 563 2860 ¹¹)
587 2816 614 2850 i.
640 2826 670 2850 e.
697 2826 779 2849 maer
802 2833 847 2839 —-
873 2826 949 2848 saer.

134 2885 180 2918 11.
1149 2887 1171 2918 6
