1878 3309
56 226 88 268 1.
132 222 239 267 5-0.
583 242 641 273 nn
683 242 965 275 ALPHABETO.
1361 224 1421 268 29

58 365 166 418 Quae
201 363 259 408 sic
287 363 553 423 intelligenda
585 370 713 409 sunt:
763 364 845 409 noli
874 379 968 409 cum
998 364 1238 410 hominibus
1267 366 1420 426 loqua-

57 444 176 490 cibus
212 445 426 502 altercari,
464 445 693 505 loquacitas
721 446 885 505 multis,
923 447 1123 508 sapientia
1150 447 1291 508 paucis
1321 446 1415 491 data

57 533 136 572 est.
204 527 286 572 Hic
323 527 450 571 finem
486 525 590 570 sacio
619 524 899 571 dissertationi
927 527 980 572 de
1009 528 1248 587 vocalibus,
1285 543 1415 590 pauca

57 609 109 654 de
138 607 489 666 consonantibus,
521 605 602 651 deo
630 606 915 666 permittente,
945 607 1154 654 disserere
1174 617 1413 656 conaturus.

154 720 199 767 6.
254 721 300 765 In
320 719 489 765 nomine
509 718 794 780 cujuscunque
814 720 1082 765 consonantis
1102 721 1237 784 aliqua
1260 723 1412 779 voca-lis

53 803 192 860 inest3
240 816 378 863 neque
411 801 541 861 renim·
562 800 650 845 haec
684 799 878 859 nomina,
915 816 1055 862 neque
1082 802 1165 847 ulla
1196 803 1298 863 alia,
1335 805 1413 848 nisi

54 882 264 929 vocalibus
299 882 340 927 in
377 882 576 927 auxilium
612 881 783 940 sumtis,
819 883 1080 944 pronuntiari
1113 891 1315 945 possunt,
1351 887 1411 931 uti

52 971 173 1010 antea
219 961 270 1027 (ἕ
310 962 339 1009 2
375 962 486 1022 init.)
533 963 687 1009 dictum
733 971 812 1009 est.
895 964 986 1010 Etsi
1023 980 1124 1010 vero
1161 980 1289 1011 sonus
1327 967 1411 1012 sive

52 1053 272 1108 potestas,
318 1060 400 1107 qua
445 1052 722 1090 consonantes
766 1045 984 1107 gaudent,
1029 1047 1117 1092 sola
1153 1062 1231 1108 per
1265 1063 1310 1092 se
1345 1049 1410 1094 vix

52 1128 185 1189 possit
211 1143 285 1173 ore
312 1126 507 1188 proferri,
544 1142 675 1188 quum
705 1133 846 1172 tamen
873 1128 1158 1174 necessarium
1178 1129 1231 1174 sit
1249 1129 1409 1175 intelli-

51 1225 178 1270 gere,
215 1208 314 1270 quid
341 1209 382 1253 in
410 1223 606 1254 sermone
634 1208 810 1269 prosint,
846 1226 985 1272 neque
1013 1225 1234 1272 quaequam
1263 1227 1408 1257 earum

50 1297 212 1336 tantum
240 1291 284 1335 in
309 1305 505 1335 sermone
532 1290 688 1351 possit,
726 1297 928 1352 quantum
954 1291 1124 1337 nomine
1152 1293 1310 1353 valeat,
1347 1295 1408 1339 uti

51 1372 214 1417 vocales
258 1371 442 1417 faciunt:
495 1386 648 1416 nomen
694 1371 1024 1434 uniuscujusque
1060 1387 1237 1433 earum,
1285 1376 1407 1436 quale

51 1459 172 1498 antea
207 1468 290 1497 non
325 1452 543 1512 habuerit,
579 1452 635 1498 ita
673 1452 1033 1513 adcommodabo,
1069 1461 1118 1500 ut
1152 1471 1203 1500 ex
1238 1456 1406 1501 nomine

50 1534 225 1595 intelligi
258 1533 414 1595 possit,
451 1533 552 1596 quid
579 1534 619 1578 in
647 1550 841 1580 sermone
870 1535 1028 1594 valeat,
1065 1536 1142 1581 etsi
1171 1542 1293 1581 antea
1321 1553 1404 1582 non

50 1615 175 1661 suerit
200 1615 472 1662 intellectum.
540 1617 604 1661 Ea
631 1617 782 1678 cuique
811 1632 956 1661 earum
985 1617 1027 1661 in
1047 1617 1192 1678 quovis
1211 1632 1405 1664 sermone

47 1702 233 1757 potestas
263 1703 377 1756 esto,
415 1713 508 1758 quae
526 1712 622 1758 pars
642 1697 846 1757 nominis,
884 1696 1023 1744 demta
1043 1697 1199 1756 vocali,
1235 1698 1404 1744 residua

48 1777 203 1836 suerit3
251 1777 302 1838 b,
340 1777 397 1837 d,
430 1794 489 1838 y,
527 1775 582 1838 lt,
618 1793 678 1839 p,
718 1785 768 1824 t.-
813 1778 877 1823 hae
911 1778 1042 1823 literae
1072 1778 1168 1824 ideo
1196 1779 1403 1826 modicam

48 1858 232 1919 (lenem)
251 1859 374 1904 unius
393 1860 524 1904 literae
542 1860 821 1921 prolationem
840 1858 1012 1920 habent,
1049 1859 1165 1922 quod
1184 1860 1277 1906 duae
1295 1877 1403 1906 con-

47 1947 243 1986 sonantes
280 1940 470 2001 ejusdem
503 1941 723 2002 potestatis
758 1956 974 2003 nunquam
1003 1949 1179 2003 possunt
1204 1943 1334 1988 vocali
1363 1943 1402 1988 in

47 2022 194 2068 eadem
222 2021 381 2084 syllaba
409 2023 639 2083 anteponi3
691 2024 739 2084 f,
779 2022 818 2084 l,
855 2039 922 2082 m,
960 2037 1017 2082 n,
1054 2037 1107 2083 r,
1145 2038 1203 2070 3:
1254 2040 1304 2069 ex
1339 2025 1402 2069 his

47 2103 175 2149 literis
212 2103 392 2164 >singulae
436 2103 615 2149 duarum
662 2104 982 2150 consonantium
1016 2105 1402 2166 pronuntiationem

45 2183 226 2246 habent,
265 2185 298 2230 si
325 2185 417 2246 quis
447 2200 517 2230 eas
545 2191 630 2230 tam
656 2185 778 2246 plene
806 2185 1020 2246 proferat,
1058 2201 1185 2247 quam
1222 2202 1401 2248 quaeque

47 2280 192 2311 earum
210 2266 340 2311 vocali
358 2265 600 2327 postpositae
619 2272 793 2325 sonant3
823 2267 936 2328 quod
955 2267 1225 2313 animadverti
1244 2275 1399 2329 potest,

46 2363 175 2408 quum
203 2363 274 2393 eas
302 2353 388 2392 tarn
414 2347 541 2408 pleno
564 2363 668 2392 sono
687 2348 1021 2408 pronuntiamus,
1059 2364 1184 2410 quam
1204 2365 1398 2410 pronun-

46 2428 269 2487 tiaremus,
306 2428 341 2473 si
375 2428 545 2474 nomina
582 2443 727 2474 earum
763 2428 821 2473 sic
856 2429 1122 2475 scribentur:
1175 2429 1266 2492 eff,
1305 2429 1396 2489 ell,

46 2523 177 2569 emm,
216 2524 330 2569 erm,
368 2524 472 2571 err,
509 2524 609 2556 ess.
679 2509 763 2555 Sed
782 2517 922 2571 potest
941 2527 1111 2573 quoque
1130 2527 1275 2556 earum
1294 2527 1399 2572 pro-

46 2590 246 2636 nuntiatio
275 2590 481 2652 deminui,
519 2591 596 2636 etsi
633 2591 761 2636 vocali
799 2591 837 2636 in
875 2592 1031 2654 syllaba
1069 2599 1396 2653 postponantur,

45 2676 93 2715 ut
119 2671 308 2717 similiter
333 2672 669 2733 pronuntientur,
706 2688 754 2717 ac
777 2673 811 2717 si
830 2673 996 2718 nomina
1016 2688 1161 2718 earum
1180 2673 1259 2717 hoc
1278 2679 1397 2733 pacto

46 2750 310 2798 scribentur:
365 2753 441 2814 ef,
479 2753 558 2812 el,
596 2768 692 2811 em,
731 2769 816 2814 en,
854 2768 936 2813 er,
975 2768 1053 2812 es,
1101 2768 1196 2815 quae
1231 2753 1394 2798 nomina
